ISA*00*          *00*          *ZZ*BCBSILPAYER    *ZZ*MEDPRACTICE001 *251221*130834*^*00501*000000001*0*P*:~
GS*HP*BCBSILPAYER*MEDPRACTICE001*251221*130834*1*X*005010X221A1~
ST*835*0001*005010X221A1~
BPR*I*28750.00*C*CHK987654321*251221*123456789*01*987654321*DA*1234567890*251221~
TRN*1*REM251221001*987654321~
REF*EV*REM251221001~
DTM*405*251221~
DTM*097*251221*251221~
N1*PR*BLUE CROSS BLUE SHIELD OF ILLINOIS~
N3*300 EAST RANDOLPH STREET~
N4*CHICAGO*IL*60601~
PER*BL*CLAIMS DEPARTMENT*TE*8005551234*FX*8005555678~LX*1~
CLP*CLAIM000001*1*1510.00*1208.00*0*11*1234567891*20251220*1~
CAS*PR*1*75.50~
CAS*PR*2*151.00~
CAS*CO*45*75.50~
NM1*QC*1*PATIENT*JOHN*M***MI*1234567891~
NM1*82*1*PROVIDER*JANE*M***XX*1234567890~
REF*D9*PATIENT000001~
REF*1W*1234567891~
AMT*AU*302.00~
AMT*D*75.50~
AMT*F5*151.00~
SVC*HC:99213*1510.00*1208.00*UN*1~
DTM*472*D8*20251220~
CAS*CO*45*75.50~
CAS*PR*1*75.50~
CAS*PR*2*151.00~LX*2~
CLP*CLAIM000002*1*1520.00*1216.00*0*11*1234567892*20251219*1~
CAS*PR*1*76.00~
CAS*PR*2*152.00~
CAS*CO*45*76.00~
NM1*QC*1*PATIENT*JOHN*M***MI*1234567892~
NM1*82*1*PROVIDER*JANE*M***XX*1234567890~
REF*D9*PATIENT000002~
REF*1W*1234567892~
AMT*AU*304.00~
AMT*D*76.00~
AMT*F5*152.00~
SVC*HC:99213*1520.00*1216.00*UN*1~
DTM*472*D8*20251219~
CAS*CO*45*76.00~
CAS*PR*1*76.00~
CAS*PR*2*152.00~LX*3~
CLP*CLAIM000003*1*1530.00*1224.00*0*11*1234567893*20251218*1~
CAS*PR*1*76.50~
CAS*PR*2*153.00~
CAS*CO*45*76.50~
NM1*QC*1*PATIENT*JOHN*M***MI*1234567893~
NM1*82*1*PROVIDER*JANE*M***XX*1234567890~
REF*D9*PATIENT000003~
REF*1W*1234567893~
AMT*AU*306.00~
AMT*D*76.50~
AMT*F5*153.00~
SVC*HC:99213*1530.00*1224.00*UN*1~
DTM*472*D8*20251218~
CAS*CO*45*76.50~
CAS*PR*1*76.50~
CAS*PR*2*153.00~LX*4~
CLP*CLAIM000004*1*1540.00*1232.00*0*11*1234567894*20251217*1~
CAS*PR*1*77.00~
CAS*PR*2*154.00~
CAS*CO*45*77.00~
NM1*QC*1*PATIENT*JOHN*M***MI*1234567894~
NM1*82*1*PROVIDER*JANE*M***XX*1234567890~
REF*D9*PATIENT000004~
REF*1W*1234567894~
AMT*AU*308.00~
AMT*D*77.00~
AMT*F5*154.00~
SVC*HC:99213*1540.00*1232.00*UN*1~
DTM*472*D8*20251217~
CAS*CO*45*77.00~
CAS*PR*1*77.00~
CAS*PR*2*154.00~LX*5~
CLP*CLAIM000005*1*1550.00*1240.00*0*11*1234567895*20251216*1~
CAS*PR*1*77.50~
CAS*PR*2*155.00~
CAS*CO*45*77.50~
NM1*QC*1*PATIENT*JOHN*M***MI*1234567895~
NM1*82*1*PROVIDER*JANE*M***XX*1234567890~
REF*D9*PATIENT000005~
REF*1W*1234567895~
AMT*AU*310.00~
AMT*D*77.50~
AMT*F5*155.00~
SVC*HC:99213*1550.00*1240.00*UN*1~
DTM*472*D8*20251216~
CAS*CO*45*77.50~
CAS*PR*1*77.50~
CAS*PR*2*155.00~LX*6~
CLP*CLAIM000006*1*1560.00*1248.00*0*11*1234567896*20251215*1~
CAS*PR*1*78.00~
CAS*PR*2*156.00~
CAS*CO*45*78.00~
NM1*QC*1*PATIENT*JOHN*M***MI*1234567896~
NM1*82*1*PROVIDER*JANE*M***XX*1234567890~
REF*D9*PATIENT000006~
REF*1W*1234567896~
AMT*AU*312.00~
AMT*D*78.00~
AMT*F5*156.00~
SVC*HC:99213*1560.00*1248.00*UN*1~
DTM*472*D8*20251215~
CAS*CO*45*78.00~
CAS*PR*1*78.00~
CAS*PR*2*156.00~LX*7~
CLP*CLAIM000007*1*1570.00*1256.00*0*11*1234567897*20251214*1~
CAS*PR*1*78.50~
CAS*PR*2*157.00~
CAS*CO*45*78.50~
NM1*QC*1*PATIENT*JOHN*M***MI*1234567897~
NM1*82*1*PROVIDER*JANE*M***XX*1234567890~
REF*D9*PATIENT000007~
REF*1W*1234567897~
AMT*AU*314.00~
AMT*D*78.50~
AMT*F5*157.00~
SVC*HC:99213*1570.00*1256.00*UN*1~
DTM*472*D8*20251214~
CAS*CO*45*78.50~
CAS*PR*1*78.50~
CAS*PR*2*157.00~LX*8~
CLP*CLAIM000008*1*1580.00*1264.00*0*11*1234567898*20251213*1~
CAS*PR*1*79.00~
CAS*PR*2*158.00~
CAS*CO*45*79.00~
NM1*QC*1*PATIENT*JOHN*M***MI*1234567898~
NM1*82*1*PROVIDER*JANE*M***XX*1234567890~
REF*D9*PATIENT000008~
REF*1W*1234567898~
AMT*AU*316.00~
AMT*D*79.00~
AMT*F5*158.00~
SVC*HC:99213*1580.00*1264.00*UN*1~
DTM*472*D8*20251213~
CAS*CO*45*79.00~
CAS*PR*1*79.00~
CAS*PR*2*158.00~LX*9~
CLP*CLAIM000009*1*1590.00*1272.00*0*11*1234567899*20251212*1~
CAS*PR*1*79.50~
CAS*PR*2*159.00~
CAS*CO*45*79.50~
NM1*QC*1*PATIENT*JOHN*M***MI*1234567899~
NM1*82*1*PROVIDER*JANE*M***XX*1234567890~
REF*D9*PATIENT000009~
REF*1W*1234567899~
AMT*AU*318.00~
AMT*D*79.50~
AMT*F5*159.00~
SVC*HC:99213*1590.00*1272.00*UN*1~
DTM*472*D8*20251212~
CAS*CO*45*79.50~
CAS*PR*1*79.50~
CAS*PR*2*159.00~LX*10~
CLP*CLAIM000010*1*1600.00*1280.00*0*11*1234567890*20251211*1~
CAS*PR*1*80.00~
CAS*PR*2*160.00~
CAS*CO*45*80.00~
NM1*QC*1*PATIENT*JOHN*M***MI*1234567890~
NM1*82*1*PROVIDER*JANE*M***XX*1234567890~
REF*D9*PATIENT000010~
REF*1W*1234567890~
AMT*AU*320.00~
AMT*D*80.00~
AMT*F5*160.00~
SVC*HC:99213*1600.00*1280.00*UN*1~
DTM*472*D8*20251211~
CAS*CO*45*80.00~
CAS*PR*1*80.00~
CAS*PR*2*160.00~LX*11~
CLP*CLAIM000011*1*1610.00*1288.00*0*11*1234567891*20251210*1~
CAS*PR*1*80.50~
CAS*PR*2*161.00~
CAS*CO*45*80.50~
NM1*QC*1*PATIENT*JOHN*M***MI*1234567891~
NM1*82*1*PROVIDER*JANE*M***XX*1234567890~
REF*D9*PATIENT000011~
REF*1W*1234567891~
AMT*AU*322.00~
AMT*D*80.50~
AMT*F5*161.00~
SVC*HC:99213*1610.00*1288.00*UN*1~
DTM*472*D8*20251210~
CAS*CO*45*80.50~
CAS*PR*1*80.50~
CAS*PR*2*161.00~LX*12~
CLP*CLAIM000012*1*1620.00*1296.00*0*11*1234567892*20251209*1~
CAS*PR*1*81.00~
CAS*PR*2*162.00~
CAS*CO*45*81.00~
NM1*QC*1*PATIENT*JOHN*M***MI*1234567892~
NM1*82*1*PROVIDER*JANE*M***XX*1234567890~
REF*D9*PATIENT000012~
REF*1W*1234567892~
AMT*AU*324.00~
AMT*D*81.00~
AMT*F5*162.00~
SVC*HC:99213*1620.00*1296.00*UN*1~
DTM*472*D8*20251209~
CAS*CO*45*81.00~
CAS*PR*1*81.00~
CAS*PR*2*162.00~LX*13~
CLP*CLAIM000013*1*1630.00*1304.00*0*11*1234567893*20251208*1~
CAS*PR*1*81.50~
CAS*PR*2*163.00~
CAS*CO*45*81.50~
NM1*QC*1*PATIENT*JOHN*M***MI*1234567893~
NM1*82*1*PROVIDER*JANE*M***XX*1234567890~
REF*D9*PATIENT000013~
REF*1W*1234567893~
AMT*AU*326.00~
AMT*D*81.50~
AMT*F5*163.00~
SVC*HC:99213*1630.00*1304.00*UN*1~
DTM*472*D8*20251208~
CAS*CO*45*81.50~
CAS*PR*1*81.50~
CAS*PR*2*163.00~LX*14~
CLP*CLAIM000014*1*1640.00*1312.00*0*11*1234567894*20251207*1~
CAS*PR*1*82.00~
CAS*PR*2*164.00~
CAS*CO*45*82.00~
NM1*QC*1*PATIENT*JOHN*M***MI*1234567894~
NM1*82*1*PROVIDER*JANE*M***XX*1234567890~
REF*D9*PATIENT000014~
REF*1W*1234567894~
AMT*AU*328.00~
AMT*D*82.00~
AMT*F5*164.00~
SVC*HC:99213*1640.00*1312.00*UN*1~
DTM*472*D8*20251207~
CAS*CO*45*82.00~
CAS*PR*1*82.00~
CAS*PR*2*164.00~LX*15~
CLP*CLAIM000015*1*1650.00*1320.00*0*11*1234567895*20251206*1~
CAS*PR*1*82.50~
CAS*PR*2*165.00~
CAS*CO*45*82.50~
NM1*QC*1*PATIENT*JOHN*M***MI*1234567895~
NM1*82*1*PROVIDER*JANE*M***XX*1234567890~
REF*D9*PATIENT000015~
REF*1W*1234567895~
AMT*AU*330.00~
AMT*D*82.50~
AMT*F5*165.00~
SVC*HC:99213*1650.00*1320.00*UN*1~
DTM*472*D8*20251206~
CAS*CO*45*82.50~
CAS*PR*1*82.50~
CAS*PR*2*165.00~LX*16~
CLP*CLAIM000016*1*1660.00*1328.00*0*11*1234567896*20251205*1~
CAS*PR*1*83.00~
CAS*PR*2*166.00~
CAS*CO*45*83.00~
NM1*QC*1*PATIENT*JOHN*M***MI*1234567896~
NM1*82*1*PROVIDER*JANE*M***XX*1234567890~
REF*D9*PATIENT000016~
REF*1W*1234567896~
AMT*AU*332.00~
AMT*D*83.00~
AMT*F5*166.00~
SVC*HC:99213*1660.00*1328.00*UN*1~
DTM*472*D8*20251205~
CAS*CO*45*83.00~
CAS*PR*1*83.00~
CAS*PR*2*166.00~LX*17~
CLP*CLAIM000017*1*1670.00*1336.00*0*11*1234567897*20251204*1~
CAS*PR*1*83.50~
CAS*PR*2*167.00~
CAS*CO*45*83.50~
NM1*QC*1*PATIENT*JOHN*M***MI*1234567897~
NM1*82*1*PROVIDER*JANE*M***XX*1234567890~
REF*D9*PATIENT000017~
REF*1W*1234567897~
AMT*AU*334.00~
AMT*D*83.50~
AMT*F5*167.00~
SVC*HC:99213*1670.00*1336.00*UN*1~
DTM*472*D8*20251204~
CAS*CO*45*83.50~
CAS*PR*1*83.50~
CAS*PR*2*167.00~LX*18~
CLP*CLAIM000018*1*1680.00*1344.00*0*11*1234567898*20251203*1~
CAS*PR*1*84.00~
CAS*PR*2*168.00~
CAS*CO*45*84.00~
NM1*QC*1*PATIENT*JOHN*M***MI*1234567898~
NM1*82*1*PROVIDER*JANE*M***XX*1234567890~
REF*D9*PATIENT000018~
REF*1W*1234567898~
AMT*AU*336.00~
AMT*D*84.00~
AMT*F5*168.00~
SVC*HC:99213*1680.00*1344.00*UN*1~
DTM*472*D8*20251203~
CAS*CO*45*84.00~
CAS*PR*1*84.00~
CAS*PR*2*168.00~LX*19~
CLP*CLAIM000019*1*1690.00*1352.00*0*11*1234567899*20251202*1~
CAS*PR*1*84.50~
CAS*PR*2*169.00~
CAS*CO*45*84.50~
NM1*QC*1*PATIENT*JOHN*M***MI*1234567899~
NM1*82*1*PROVIDER*JANE*M***XX*1234567890~
REF*D9*PATIENT000019~
REF*1W*1234567899~
AMT*AU*338.00~
AMT*D*84.50~
AMT*F5*169.00~
SVC*HC:99213*1690.00*1352.00*UN*1~
DTM*472*D8*20251202~
CAS*CO*45*84.50~
CAS*PR*1*84.50~
CAS*PR*2*169.00~LX*20~
CLP*CLAIM000020*1*1700.00*1360.00*0*11*1234567890*20251201*1~
CAS*PR*1*85.00~
CAS*PR*2*170.00~
CAS*CO*45*85.00~
NM1*QC*1*PATIENT*JOHN*M***MI*1234567890~
NM1*82*1*PROVIDER*JANE*M***XX*1234567890~
REF*D9*PATIENT000020~
REF*1W*1234567890~
AMT*AU*340.00~
AMT*D*85.00~
AMT*F5*170.00~
SVC*HC:99213*1700.00*1360.00*UN*1~
DTM*472*D8*20251201~
CAS*CO*45*85.00~
CAS*PR*1*85.00~
CAS*PR*2*170.00~LX*21~
CLP*CLAIM000021*1*1710.00*1368.00*0*11*1234567891*20251130*1~
CAS*PR*1*85.50~
CAS*PR*2*171.00~
CAS*CO*45*85.50~
NM1*QC*1*PATIENT*JOHN*M***MI*1234567891~
NM1*82*1*PROVIDER*JANE*M***XX*1234567890~
REF*D9*PATIENT000021~
REF*1W*1234567891~
AMT*AU*342.00~
AMT*D*85.50~
AMT*F5*171.00~
SVC*HC:99213*1710.00*1368.00*UN*1~
DTM*472*D8*20251130~
CAS*CO*45*85.50~
CAS*PR*1*85.50~
CAS*PR*2*171.00~LX*22~
CLP*CLAIM000022*1*1720.00*1376.00*0*11*1234567892*20251129*1~
CAS*PR*1*86.00~
CAS*PR*2*172.00~
CAS*CO*45*86.00~
NM1*QC*1*PATIENT*JOHN*M***MI*1234567892~
NM1*82*1*PROVIDER*JANE*M***XX*1234567890~
REF*D9*PATIENT000022~
REF*1W*1234567892~
AMT*AU*344.00~
AMT*D*86.00~
AMT*F5*172.00~
SVC*HC:99213*1720.00*1376.00*UN*1~
DTM*472*D8*20251129~
CAS*CO*45*86.00~
CAS*PR*1*86.00~
CAS*PR*2*172.00~LX*23~
CLP*CLAIM000023*1*1730.00*1384.00*0*11*1234567893*20251128*1~
CAS*PR*1*86.50~
CAS*PR*2*173.00~
CAS*CO*45*86.50~
NM1*QC*1*PATIENT*JOHN*M***MI*1234567893~
NM1*82*1*PROVIDER*JANE*M***XX*1234567890~
REF*D9*PATIENT000023~
REF*1W*1234567893~
AMT*AU*346.00~
AMT*D*86.50~
AMT*F5*173.00~
SVC*HC:99213*1730.00*1384.00*UN*1~
DTM*472*D8*20251128~
CAS*CO*45*86.50~
CAS*PR*1*86.50~
CAS*PR*2*173.00~LX*24~
CLP*CLAIM000024*1*1740.00*1392.00*0*11*1234567894*20251127*1~
CAS*PR*1*87.00~
CAS*PR*2*174.00~
CAS*CO*45*87.00~
NM1*QC*1*PATIENT*JOHN*M***MI*1234567894~
NM1*82*1*PROVIDER*JANE*M***XX*1234567890~
REF*D9*PATIENT000024~
REF*1W*1234567894~
AMT*AU*348.00~
AMT*D*87.00~
AMT*F5*174.00~
SVC*HC:99213*1740.00*1392.00*UN*1~
DTM*472*D8*20251127~
CAS*CO*45*87.00~
CAS*PR*1*87.00~
CAS*PR*2*174.00~LX*25~
CLP*CLAIM000025*1*1750.00*1400.00*0*11*1234567895*20251126*1~
CAS*PR*1*87.50~
CAS*PR*2*175.00~
CAS*CO*45*87.50~
NM1*QC*1*PATIENT*JOHN*M***MI*1234567895~
NM1*82*1*PROVIDER*JANE*M***XX*1234567890~
REF*D9*PATIENT000025~
REF*1W*1234567895~
AMT*AU*350.00~
AMT*D*87.50~
AMT*F5*175.00~
SVC*HC:99213*1750.00*1400.00*UN*1~
DTM*472*D8*20251126~
CAS*CO*45*87.50~
CAS*PR*1*87.50~
CAS*PR*2*175.00~LX*26~
CLP*CLAIM000026*1*1760.00*1408.00*0*11*1234567896*20251125*1~
CAS*PR*1*88.00~
CAS*PR*2*176.00~
CAS*CO*45*88.00~
NM1*QC*1*PATIENT*JOHN*M***MI*1234567896~
NM1*82*1*PROVIDER*JANE*M***XX*1234567890~
REF*D9*PATIENT000026~
REF*1W*1234567896~
AMT*AU*352.00~
AMT*D*88.00~
AMT*F5*176.00~
SVC*HC:99213*1760.00*1408.00*UN*1~
DTM*472*D8*20251125~
CAS*CO*45*88.00~
CAS*PR*1*88.00~
CAS*PR*2*176.00~LX*27~
CLP*CLAIM000027*1*1770.00*1416.00*0*11*1234567897*20251124*1~
CAS*PR*1*88.50~
CAS*PR*2*177.00~
CAS*CO*45*88.50~
NM1*QC*1*PATIENT*JOHN*M***MI*1234567897~
NM1*82*1*PROVIDER*JANE*M***XX*1234567890~
REF*D9*PATIENT000027~
REF*1W*1234567897~
AMT*AU*354.00~
AMT*D*88.50~
AMT*F5*177.00~
SVC*HC:99213*1770.00*1416.00*UN*1~
DTM*472*D8*20251124~
CAS*CO*45*88.50~
CAS*PR*1*88.50~
CAS*PR*2*177.00~LX*28~
CLP*CLAIM000028*1*1780.00*1424.00*0*11*1234567898*20251123*1~
CAS*PR*1*89.00~
CAS*PR*2*178.00~
CAS*CO*45*89.00~
NM1*QC*1*PATIENT*JOHN*M***MI*1234567898~
NM1*82*1*PROVIDER*JANE*M***XX*1234567890~
REF*D9*PATIENT000028~
REF*1W*1234567898~
AMT*AU*356.00~
AMT*D*89.00~
AMT*F5*178.00~
SVC*HC:99213*1780.00*1424.00*UN*1~
DTM*472*D8*20251123~
CAS*CO*45*89.00~
CAS*PR*1*89.00~
CAS*PR*2*178.00~LX*29~
CLP*CLAIM000029*1*1790.00*1432.00*0*11*1234567899*20251122*1~
CAS*PR*1*89.50~
CAS*PR*2*179.00~
CAS*CO*45*89.50~
NM1*QC*1*PATIENT*JOHN*M***MI*1234567899~
NM1*82*1*PROVIDER*JANE*M***XX*1234567890~
REF*D9*PATIENT000029~
REF*1W*1234567899~
AMT*AU*358.00~
AMT*D*89.50~
AMT*F5*179.00~
SVC*HC:99213*1790.00*1432.00*UN*1~
DTM*472*D8*20251122~
CAS*CO*45*89.50~
CAS*PR*1*89.50~
CAS*PR*2*179.00~LX*30~
CLP*CLAIM000030*1*1800.00*1440.00*0*11*1234567890*20251221*1~
CAS*PR*1*90.00~
CAS*PR*2*180.00~
CAS*CO*45*90.00~
NM1*QC*1*PATIENT*JOHN*M***MI*1234567890~
NM1*82*1*PROVIDER*JANE*M***XX*1234567890~
REF*D9*PATIENT000030~
REF*1W*1234567890~
AMT*AU*360.00~
AMT*D*90.00~
AMT*F5*180.00~
SVC*HC:99213*1800.00*1440.00*UN*1~
DTM*472*D8*20251221~
CAS*CO*45*90.00~
CAS*PR*1*90.00~
CAS*PR*2*180.00~LX*31~
CLP*CLAIM000031*1*1810.00*1448.00*0*11*1234567891*20251220*1~
CAS*PR*1*90.50~
CAS*PR*2*181.00~
CAS*CO*45*90.50~
NM1*QC*1*PATIENT*JOHN*M***MI*1234567891~
NM1*82*1*PROVIDER*JANE*M***XX*1234567890~
REF*D9*PATIENT000031~
REF*1W*1234567891~
AMT*AU*362.00~
AMT*D*90.50~
AMT*F5*181.00~
SVC*HC:99213*1810.00*1448.00*UN*1~
DTM*472*D8*20251220~
CAS*CO*45*90.50~
CAS*PR*1*90.50~
CAS*PR*2*181.00~LX*32~
CLP*CLAIM000032*1*1820.00*1456.00*0*11*1234567892*20251219*1~
CAS*PR*1*91.00~
CAS*PR*2*182.00~
CAS*CO*45*91.00~
NM1*QC*1*PATIENT*JOHN*M***MI*1234567892~
NM1*82*1*PROVIDER*JANE*M***XX*1234567890~
REF*D9*PATIENT000032~
REF*1W*1234567892~
AMT*AU*364.00~
AMT*D*91.00~
AMT*F5*182.00~
SVC*HC:99213*1820.00*1456.00*UN*1~
DTM*472*D8*20251219~
CAS*CO*45*91.00~
CAS*PR*1*91.00~
CAS*PR*2*182.00~LX*33~
CLP*CLAIM000033*1*1830.00*1464.00*0*11*1234567893*20251218*1~
CAS*PR*1*91.50~
CAS*PR*2*183.00~
CAS*CO*45*91.50~
NM1*QC*1*PATIENT*JOHN*M***MI*1234567893~
NM1*82*1*PROVIDER*JANE*M***XX*1234567890~
REF*D9*PATIENT000033~
REF*1W*1234567893~
AMT*AU*366.00~
AMT*D*91.50~
AMT*F5*183.00~
SVC*HC:99213*1830.00*1464.00*UN*1~
DTM*472*D8*20251218~
CAS*CO*45*91.50~
CAS*PR*1*91.50~
CAS*PR*2*183.00~LX*34~
CLP*CLAIM000034*1*1840.00*1472.00*0*11*1234567894*20251217*1~
CAS*PR*1*92.00~
CAS*PR*2*184.00~
CAS*CO*45*92.00~
NM1*QC*1*PATIENT*JOHN*M***MI*1234567894~
NM1*82*1*PROVIDER*JANE*M***XX*1234567890~
REF*D9*PATIENT000034~
REF*1W*1234567894~
AMT*AU*368.00~
AMT*D*92.00~
AMT*F5*184.00~
SVC*HC:99213*1840.00*1472.00*UN*1~
DTM*472*D8*20251217~
CAS*CO*45*92.00~
CAS*PR*1*92.00~
CAS*PR*2*184.00~LX*35~
CLP*CLAIM000035*1*1850.00*1480.00*0*11*1234567895*20251216*1~
CAS*PR*1*92.50~
CAS*PR*2*185.00~
CAS*CO*45*92.50~
NM1*QC*1*PATIENT*JOHN*M***MI*1234567895~
NM1*82*1*PROVIDER*JANE*M***XX*1234567890~
REF*D9*PATIENT000035~
REF*1W*1234567895~
AMT*AU*370.00~
AMT*D*92.50~
AMT*F5*185.00~
SVC*HC:99213*1850.00*1480.00*UN*1~
DTM*472*D8*20251216~
CAS*CO*45*92.50~
CAS*PR*1*92.50~
CAS*PR*2*185.00~LX*36~
CLP*CLAIM000036*1*1860.00*1488.00*0*11*1234567896*20251215*1~
CAS*PR*1*93.00~
CAS*PR*2*186.00~
CAS*CO*45*93.00~
NM1*QC*1*PATIENT*JOHN*M***MI*1234567896~
NM1*82*1*PROVIDER*JANE*M***XX*1234567890~
REF*D9*PATIENT000036~
REF*1W*1234567896~
AMT*AU*372.00~
AMT*D*93.00~
AMT*F5*186.00~
SVC*HC:99213*1860.00*1488.00*UN*1~
DTM*472*D8*20251215~
CAS*CO*45*93.00~
CAS*PR*1*93.00~
CAS*PR*2*186.00~LX*37~
CLP*CLAIM000037*1*1870.00*1496.00*0*11*1234567897*20251214*1~
CAS*PR*1*93.50~
CAS*PR*2*187.00~
CAS*CO*45*93.50~
NM1*QC*1*PATIENT*JOHN*M***MI*1234567897~
NM1*82*1*PROVIDER*JANE*M***XX*1234567890~
REF*D9*PATIENT000037~
REF*1W*1234567897~
AMT*AU*374.00~
AMT*D*93.50~
AMT*F5*187.00~
SVC*HC:99213*1870.00*1496.00*UN*1~
DTM*472*D8*20251214~
CAS*CO*45*93.50~
CAS*PR*1*93.50~
CAS*PR*2*187.00~LX*38~
CLP*CLAIM000038*1*1880.00*1504.00*0*11*1234567898*20251213*1~
CAS*PR*1*94.00~
CAS*PR*2*188.00~
CAS*CO*45*94.00~
NM1*QC*1*PATIENT*JOHN*M***MI*1234567898~
NM1*82*1*PROVIDER*JANE*M***XX*1234567890~
REF*D9*PATIENT000038~
REF*1W*1234567898~
AMT*AU*376.00~
AMT*D*94.00~
AMT*F5*188.00~
SVC*HC:99213*1880.00*1504.00*UN*1~
DTM*472*D8*20251213~
CAS*CO*45*94.00~
CAS*PR*1*94.00~
CAS*PR*2*188.00~LX*39~
CLP*CLAIM000039*1*1890.00*1512.00*0*11*1234567899*20251212*1~
CAS*PR*1*94.50~
CAS*PR*2*189.00~
CAS*CO*45*94.50~
NM1*QC*1*PATIENT*JOHN*M***MI*1234567899~
NM1*82*1*PROVIDER*JANE*M***XX*1234567890~
REF*D9*PATIENT000039~
REF*1W*1234567899~
AMT*AU*378.00~
AMT*D*94.50~
AMT*F5*189.00~
SVC*HC:99213*1890.00*1512.00*UN*1~
DTM*472*D8*20251212~
CAS*CO*45*94.50~
CAS*PR*1*94.50~
CAS*PR*2*189.00~LX*40~
CLP*CLAIM000040*1*1900.00*1520.00*0*11*1234567890*20251211*1~
CAS*PR*1*95.00~
CAS*PR*2*190.00~
CAS*CO*45*95.00~
NM1*QC*1*PATIENT*JOHN*M***MI*1234567890~
NM1*82*1*PROVIDER*JANE*M***XX*1234567890~
REF*D9*PATIENT000040~
REF*1W*1234567890~
AMT*AU*380.00~
AMT*D*95.00~
AMT*F5*190.00~
SVC*HC:99213*1900.00*1520.00*UN*1~
DTM*472*D8*20251211~
CAS*CO*45*95.00~
CAS*PR*1*95.00~
CAS*PR*2*190.00~LX*41~
CLP*CLAIM000041*1*1910.00*1528.00*0*11*1234567891*20251210*1~
CAS*PR*1*95.50~
CAS*PR*2*191.00~
CAS*CO*45*95.50~
NM1*QC*1*PATIENT*JOHN*M***MI*1234567891~
NM1*82*1*PROVIDER*JANE*M***XX*1234567890~
REF*D9*PATIENT000041~
REF*1W*1234567891~
AMT*AU*382.00~
AMT*D*95.50~
AMT*F5*191.00~
SVC*HC:99213*1910.00*1528.00*UN*1~
DTM*472*D8*20251210~
CAS*CO*45*95.50~
CAS*PR*1*95.50~
CAS*PR*2*191.00~LX*42~
CLP*CLAIM000042*1*1920.00*1536.00*0*11*1234567892*20251209*1~
CAS*PR*1*96.00~
CAS*PR*2*192.00~
CAS*CO*45*96.00~
NM1*QC*1*PATIENT*JOHN*M***MI*1234567892~
NM1*82*1*PROVIDER*JANE*M***XX*1234567890~
REF*D9*PATIENT000042~
REF*1W*1234567892~
AMT*AU*384.00~
AMT*D*96.00~
AMT*F5*192.00~
SVC*HC:99213*1920.00*1536.00*UN*1~
DTM*472*D8*20251209~
CAS*CO*45*96.00~
CAS*PR*1*96.00~
CAS*PR*2*192.00~LX*43~
CLP*CLAIM000043*1*1930.00*1544.00*0*11*1234567893*20251208*1~
CAS*PR*1*96.50~
CAS*PR*2*193.00~
CAS*CO*45*96.50~
NM1*QC*1*PATIENT*JOHN*M***MI*1234567893~
NM1*82*1*PROVIDER*JANE*M***XX*1234567890~
REF*D9*PATIENT000043~
REF*1W*1234567893~
AMT*AU*386.00~
AMT*D*96.50~
AMT*F5*193.00~
SVC*HC:99213*1930.00*1544.00*UN*1~
DTM*472*D8*20251208~
CAS*CO*45*96.50~
CAS*PR*1*96.50~
CAS*PR*2*193.00~LX*44~
CLP*CLAIM000044*1*1940.00*1552.00*0*11*1234567894*20251207*1~
CAS*PR*1*97.00~
CAS*PR*2*194.00~
CAS*CO*45*97.00~
NM1*QC*1*PATIENT*JOHN*M***MI*1234567894~
NM1*82*1*PROVIDER*JANE*M***XX*1234567890~
REF*D9*PATIENT000044~
REF*1W*1234567894~
AMT*AU*388.00~
AMT*D*97.00~
AMT*F5*194.00~
SVC*HC:99213*1940.00*1552.00*UN*1~
DTM*472*D8*20251207~
CAS*CO*45*97.00~
CAS*PR*1*97.00~
CAS*PR*2*194.00~LX*45~
CLP*CLAIM000045*1*1950.00*1560.00*0*11*1234567895*20251206*1~
CAS*PR*1*97.50~
CAS*PR*2*195.00~
CAS*CO*45*97.50~
NM1*QC*1*PATIENT*JOHN*M***MI*1234567895~
NM1*82*1*PROVIDER*JANE*M***XX*1234567890~
REF*D9*PATIENT000045~
REF*1W*1234567895~
AMT*AU*390.00~
AMT*D*97.50~
AMT*F5*195.00~
SVC*HC:99213*1950.00*1560.00*UN*1~
DTM*472*D8*20251206~
CAS*CO*45*97.50~
CAS*PR*1*97.50~
CAS*PR*2*195.00~LX*46~
CLP*CLAIM000046*1*1960.00*1568.00*0*11*1234567896*20251205*1~
CAS*PR*1*98.00~
CAS*PR*2*196.00~
CAS*CO*45*98.00~
NM1*QC*1*PATIENT*JOHN*M***MI*1234567896~
NM1*82*1*PROVIDER*JANE*M***XX*1234567890~
REF*D9*PATIENT000046~
REF*1W*1234567896~
AMT*AU*392.00~
AMT*D*98.00~
AMT*F5*196.00~
SVC*HC:99213*1960.00*1568.00*UN*1~
DTM*472*D8*20251205~
CAS*CO*45*98.00~
CAS*PR*1*98.00~
CAS*PR*2*196.00~LX*47~
CLP*CLAIM000047*1*1970.00*1576.00*0*11*1234567897*20251204*1~
CAS*PR*1*98.50~
CAS*PR*2*197.00~
CAS*CO*45*98.50~
NM1*QC*1*PATIENT*JOHN*M***MI*1234567897~
NM1*82*1*PROVIDER*JANE*M***XX*1234567890~
REF*D9*PATIENT000047~
REF*1W*1234567897~
AMT*AU*394.00~
AMT*D*98.50~
AMT*F5*197.00~
SVC*HC:99213*1970.00*1576.00*UN*1~
DTM*472*D8*20251204~
CAS*CO*45*98.50~
CAS*PR*1*98.50~
CAS*PR*2*197.00~LX*48~
CLP*CLAIM000048*1*1980.00*1584.00*0*11*1234567898*20251203*1~
CAS*PR*1*99.00~
CAS*PR*2*198.00~
CAS*CO*45*99.00~
NM1*QC*1*PATIENT*JOHN*M***MI*1234567898~
NM1*82*1*PROVIDER*JANE*M***XX*1234567890~
REF*D9*PATIENT000048~
REF*1W*1234567898~
AMT*AU*396.00~
AMT*D*99.00~
AMT*F5*198.00~
SVC*HC:99213*1980.00*1584.00*UN*1~
DTM*472*D8*20251203~
CAS*CO*45*99.00~
CAS*PR*1*99.00~
CAS*PR*2*198.00~LX*49~
CLP*CLAIM000049*1*1990.00*1592.00*0*11*1234567899*20251202*1~
CAS*PR*1*99.50~
CAS*PR*2*199.00~
CAS*CO*45*99.50~
NM1*QC*1*PATIENT*JOHN*M***MI*1234567899~
NM1*82*1*PROVIDER*JANE*M***XX*1234567890~
REF*D9*PATIENT000049~
REF*1W*1234567899~
AMT*AU*398.00~
AMT*D*99.50~
AMT*F5*199.00~
SVC*HC:99213*1990.00*1592.00*UN*1~
DTM*472*D8*20251202~
CAS*CO*45*99.50~
CAS*PR*1*99.50~
CAS*PR*2*199.00~LX*50~
CLP*CLAIM000050*1*2000.00*1600.00*0*11*1234567890*20251201*1~
CAS*PR*1*100.00~
CAS*PR*2*200.00~
CAS*CO*45*100.00~
NM1*QC*1*PATIENT*JOHN*M***MI*1234567890~
NM1*82*1*PROVIDER*JANE*M***XX*1234567890~
REF*D9*PATIENT000050~
REF*1W*1234567890~
AMT*AU*400.00~
AMT*D*100.00~
AMT*F5*200.00~
SVC*HC:99213*2000.00*1600.00*UN*1~
DTM*472*D8*20251201~
CAS*CO*45*100.00~
CAS*PR*1*100.00~
CAS*PR*2*200.00~LX*51~
CLP*CLAIM000051*1*2010.00*1608.00*0*11*1234567891*20251130*1~
CAS*PR*1*100.50~
CAS*PR*2*201.00~
CAS*CO*45*100.50~
NM1*QC*1*PATIENT*JOHN*M***MI*1234567891~
NM1*82*1*PROVIDER*JANE*M***XX*1234567890~
REF*D9*PATIENT000051~
REF*1W*1234567891~
AMT*AU*402.00~
AMT*D*100.50~
AMT*F5*201.00~
SVC*HC:99213*2010.00*1608.00*UN*1~
DTM*472*D8*20251130~
CAS*CO*45*100.50~
CAS*PR*1*100.50~
CAS*PR*2*201.00~LX*52~
CLP*CLAIM000052*1*2020.00*1616.00*0*11*1234567892*20251129*1~
CAS*PR*1*101.00~
CAS*PR*2*202.00~
CAS*CO*45*101.00~
NM1*QC*1*PATIENT*JOHN*M***MI*1234567892~
NM1*82*1*PROVIDER*JANE*M***XX*1234567890~
REF*D9*PATIENT000052~
REF*1W*1234567892~
AMT*AU*404.00~
AMT*D*101.00~
AMT*F5*202.00~
SVC*HC:99213*2020.00*1616.00*UN*1~
DTM*472*D8*20251129~
CAS*CO*45*101.00~
CAS*PR*1*101.00~
CAS*PR*2*202.00~LX*53~
CLP*CLAIM000053*1*2030.00*1624.00*0*11*1234567893*20251128*1~
CAS*PR*1*101.50~
CAS*PR*2*203.00~
CAS*CO*45*101.50~
NM1*QC*1*PATIENT*JOHN*M***MI*1234567893~
NM1*82*1*PROVIDER*JANE*M***XX*1234567890~
REF*D9*PATIENT000053~
REF*1W*1234567893~
AMT*AU*406.00~
AMT*D*101.50~
AMT*F5*203.00~
SVC*HC:99213*2030.00*1624.00*UN*1~
DTM*472*D8*20251128~
CAS*CO*45*101.50~
CAS*PR*1*101.50~
CAS*PR*2*203.00~LX*54~
CLP*CLAIM000054*1*2040.00*1632.00*0*11*1234567894*20251127*1~
CAS*PR*1*102.00~
CAS*PR*2*204.00~
CAS*CO*45*102.00~
NM1*QC*1*PATIENT*JOHN*M***MI*1234567894~
NM1*82*1*PROVIDER*JANE*M***XX*1234567890~
REF*D9*PATIENT000054~
REF*1W*1234567894~
AMT*AU*408.00~
AMT*D*102.00~
AMT*F5*204.00~
SVC*HC:99213*2040.00*1632.00*UN*1~
DTM*472*D8*20251127~
CAS*CO*45*102.00~
CAS*PR*1*102.00~
CAS*PR*2*204.00~LX*55~
CLP*CLAIM000055*1*2050.00*1640.00*0*11*1234567895*20251126*1~
CAS*PR*1*102.50~
CAS*PR*2*205.00~
CAS*CO*45*102.50~
NM1*QC*1*PATIENT*JOHN*M***MI*1234567895~
NM1*82*1*PROVIDER*JANE*M***XX*1234567890~
REF*D9*PATIENT000055~
REF*1W*1234567895~
AMT*AU*410.00~
AMT*D*102.50~
AMT*F5*205.00~
SVC*HC:99213*2050.00*1640.00*UN*1~
DTM*472*D8*20251126~
CAS*CO*45*102.50~
CAS*PR*1*102.50~
CAS*PR*2*205.00~LX*56~
CLP*CLAIM000056*1*2060.00*1648.00*0*11*1234567896*20251125*1~
CAS*PR*1*103.00~
CAS*PR*2*206.00~
CAS*CO*45*103.00~
NM1*QC*1*PATIENT*JOHN*M***MI*1234567896~
NM1*82*1*PROVIDER*JANE*M***XX*1234567890~
REF*D9*PATIENT000056~
REF*1W*1234567896~
AMT*AU*412.00~
AMT*D*103.00~
AMT*F5*206.00~
SVC*HC:99213*2060.00*1648.00*UN*1~
DTM*472*D8*20251125~
CAS*CO*45*103.00~
CAS*PR*1*103.00~
CAS*PR*2*206.00~LX*57~
CLP*CLAIM000057*1*2070.00*1656.00*0*11*1234567897*20251124*1~
CAS*PR*1*103.50~
CAS*PR*2*207.00~
CAS*CO*45*103.50~
NM1*QC*1*PATIENT*JOHN*M***MI*1234567897~
NM1*82*1*PROVIDER*JANE*M***XX*1234567890~
REF*D9*PATIENT000057~
REF*1W*1234567897~
AMT*AU*414.00~
AMT*D*103.50~
AMT*F5*207.00~
SVC*HC:99213*2070.00*1656.00*UN*1~
DTM*472*D8*20251124~
CAS*CO*45*103.50~
CAS*PR*1*103.50~
CAS*PR*2*207.00~LX*58~
CLP*CLAIM000058*1*2080.00*1664.00*0*11*1234567898*20251123*1~
CAS*PR*1*104.00~
CAS*PR*2*208.00~
CAS*CO*45*104.00~
NM1*QC*1*PATIENT*JOHN*M***MI*1234567898~
NM1*82*1*PROVIDER*JANE*M***XX*1234567890~
REF*D9*PATIENT000058~
REF*1W*1234567898~
AMT*AU*416.00~
AMT*D*104.00~
AMT*F5*208.00~
SVC*HC:99213*2080.00*1664.00*UN*1~
DTM*472*D8*20251123~
CAS*CO*45*104.00~
CAS*PR*1*104.00~
CAS*PR*2*208.00~LX*59~
CLP*CLAIM000059*1*2090.00*1672.00*0*11*1234567899*20251122*1~
CAS*PR*1*104.50~
CAS*PR*2*209.00~
CAS*CO*45*104.50~
NM1*QC*1*PATIENT*JOHN*M***MI*1234567899~
NM1*82*1*PROVIDER*JANE*M***XX*1234567890~
REF*D9*PATIENT000059~
REF*1W*1234567899~
AMT*AU*418.00~
AMT*D*104.50~
AMT*F5*209.00~
SVC*HC:99213*2090.00*1672.00*UN*1~
DTM*472*D8*20251122~
CAS*CO*45*104.50~
CAS*PR*1*104.50~
CAS*PR*2*209.00~LX*60~
CLP*CLAIM000060*1*2100.00*1680.00*0*11*1234567890*20251221*1~
CAS*PR*1*105.00~
CAS*PR*2*210.00~
CAS*CO*45*105.00~
NM1*QC*1*PATIENT*JOHN*M***MI*1234567890~
NM1*82*1*PROVIDER*JANE*M***XX*1234567890~
REF*D9*PATIENT000060~
REF*1W*1234567890~
AMT*AU*420.00~
AMT*D*105.00~
AMT*F5*210.00~
SVC*HC:99213*2100.00*1680.00*UN*1~
DTM*472*D8*20251221~
CAS*CO*45*105.00~
CAS*PR*1*105.00~
CAS*PR*2*210.00~LX*61~
CLP*CLAIM000061*1*2110.00*1688.00*0*11*1234567891*20251220*1~
CAS*PR*1*105.50~
CAS*PR*2*211.00~
CAS*CO*45*105.50~
NM1*QC*1*PATIENT*JOHN*M***MI*1234567891~
NM1*82*1*PROVIDER*JANE*M***XX*1234567890~
REF*D9*PATIENT000061~
REF*1W*1234567891~
AMT*AU*422.00~
AMT*D*105.50~
AMT*F5*211.00~
SVC*HC:99213*2110.00*1688.00*UN*1~
DTM*472*D8*20251220~
CAS*CO*45*105.50~
CAS*PR*1*105.50~
CAS*PR*2*211.00~LX*62~
CLP*CLAIM000062*1*2120.00*1696.00*0*11*1234567892*20251219*1~
CAS*PR*1*106.00~
CAS*PR*2*212.00~
CAS*CO*45*106.00~
NM1*QC*1*PATIENT*JOHN*M***MI*1234567892~
NM1*82*1*PROVIDER*JANE*M***XX*1234567890~
REF*D9*PATIENT000062~
REF*1W*1234567892~
AMT*AU*424.00~
AMT*D*106.00~
AMT*F5*212.00~
SVC*HC:99213*2120.00*1696.00*UN*1~
DTM*472*D8*20251219~
CAS*CO*45*106.00~
CAS*PR*1*106.00~
CAS*PR*2*212.00~LX*63~
CLP*CLAIM000063*1*2130.00*1704.00*0*11*1234567893*20251218*1~
CAS*PR*1*106.50~
CAS*PR*2*213.00~
CAS*CO*45*106.50~
NM1*QC*1*PATIENT*JOHN*M***MI*1234567893~
NM1*82*1*PROVIDER*JANE*M***XX*1234567890~
REF*D9*PATIENT000063~
REF*1W*1234567893~
AMT*AU*426.00~
AMT*D*106.50~
AMT*F5*213.00~
SVC*HC:99213*2130.00*1704.00*UN*1~
DTM*472*D8*20251218~
CAS*CO*45*106.50~
CAS*PR*1*106.50~
CAS*PR*2*213.00~LX*64~
CLP*CLAIM000064*1*2140.00*1712.00*0*11*1234567894*20251217*1~
CAS*PR*1*107.00~
CAS*PR*2*214.00~
CAS*CO*45*107.00~
NM1*QC*1*PATIENT*JOHN*M***MI*1234567894~
NM1*82*1*PROVIDER*JANE*M***XX*1234567890~
REF*D9*PATIENT000064~
REF*1W*1234567894~
AMT*AU*428.00~
AMT*D*107.00~
AMT*F5*214.00~
SVC*HC:99213*2140.00*1712.00*UN*1~
DTM*472*D8*20251217~
CAS*CO*45*107.00~
CAS*PR*1*107.00~
CAS*PR*2*214.00~LX*65~
CLP*CLAIM000065*1*2150.00*1720.00*0*11*1234567895*20251216*1~
CAS*PR*1*107.50~
CAS*PR*2*215.00~
CAS*CO*45*107.50~
NM1*QC*1*PATIENT*JOHN*M***MI*1234567895~
NM1*82*1*PROVIDER*JANE*M***XX*1234567890~
REF*D9*PATIENT000065~
REF*1W*1234567895~
AMT*AU*430.00~
AMT*D*107.50~
AMT*F5*215.00~
SVC*HC:99213*2150.00*1720.00*UN*1~
DTM*472*D8*20251216~
CAS*CO*45*107.50~
CAS*PR*1*107.50~
CAS*PR*2*215.00~LX*66~
CLP*CLAIM000066*1*2160.00*1728.00*0*11*1234567896*20251215*1~
CAS*PR*1*108.00~
CAS*PR*2*216.00~
CAS*CO*45*108.00~
NM1*QC*1*PATIENT*JOHN*M***MI*1234567896~
NM1*82*1*PROVIDER*JANE*M***XX*1234567890~
REF*D9*PATIENT000066~
REF*1W*1234567896~
AMT*AU*432.00~
AMT*D*108.00~
AMT*F5*216.00~
SVC*HC:99213*2160.00*1728.00*UN*1~
DTM*472*D8*20251215~
CAS*CO*45*108.00~
CAS*PR*1*108.00~
CAS*PR*2*216.00~LX*67~
CLP*CLAIM000067*1*2170.00*1736.00*0*11*1234567897*20251214*1~
CAS*PR*1*108.50~
CAS*PR*2*217.00~
CAS*CO*45*108.50~
NM1*QC*1*PATIENT*JOHN*M***MI*1234567897~
NM1*82*1*PROVIDER*JANE*M***XX*1234567890~
REF*D9*PATIENT000067~
REF*1W*1234567897~
AMT*AU*434.00~
AMT*D*108.50~
AMT*F5*217.00~
SVC*HC:99213*2170.00*1736.00*UN*1~
DTM*472*D8*20251214~
CAS*CO*45*108.50~
CAS*PR*1*108.50~
CAS*PR*2*217.00~LX*68~
CLP*CLAIM000068*1*2180.00*1744.00*0*11*1234567898*20251213*1~
CAS*PR*1*109.00~
CAS*PR*2*218.00~
CAS*CO*45*109.00~
NM1*QC*1*PATIENT*JOHN*M***MI*1234567898~
NM1*82*1*PROVIDER*JANE*M***XX*1234567890~
REF*D9*PATIENT000068~
REF*1W*1234567898~
AMT*AU*436.00~
AMT*D*109.00~
AMT*F5*218.00~
SVC*HC:99213*2180.00*1744.00*UN*1~
DTM*472*D8*20251213~
CAS*CO*45*109.00~
CAS*PR*1*109.00~
CAS*PR*2*218.00~LX*69~
CLP*CLAIM000069*1*2190.00*1752.00*0*11*1234567899*20251212*1~
CAS*PR*1*109.50~
CAS*PR*2*219.00~
CAS*CO*45*109.50~
NM1*QC*1*PATIENT*JOHN*M***MI*1234567899~
NM1*82*1*PROVIDER*JANE*M***XX*1234567890~
REF*D9*PATIENT000069~
REF*1W*1234567899~
AMT*AU*438.00~
AMT*D*109.50~
AMT*F5*219.00~
SVC*HC:99213*2190.00*1752.00*UN*1~
DTM*472*D8*20251212~
CAS*CO*45*109.50~
CAS*PR*1*109.50~
CAS*PR*2*219.00~LX*70~
CLP*CLAIM000070*1*2200.00*1760.00*0*11*1234567890*20251211*1~
CAS*PR*1*110.00~
CAS*PR*2*220.00~
CAS*CO*45*110.00~
NM1*QC*1*PATIENT*JOHN*M***MI*1234567890~
NM1*82*1*PROVIDER*JANE*M***XX*1234567890~
REF*D9*PATIENT000070~
REF*1W*1234567890~
AMT*AU*440.00~
AMT*D*110.00~
AMT*F5*220.00~
SVC*HC:99213*2200.00*1760.00*UN*1~
DTM*472*D8*20251211~
CAS*CO*45*110.00~
CAS*PR*1*110.00~
CAS*PR*2*220.00~LX*71~
CLP*CLAIM000071*1*2210.00*1768.00*0*11*1234567891*20251210*1~
CAS*PR*1*110.50~
CAS*PR*2*221.00~
CAS*CO*45*110.50~
NM1*QC*1*PATIENT*JOHN*M***MI*1234567891~
NM1*82*1*PROVIDER*JANE*M***XX*1234567890~
REF*D9*PATIENT000071~
REF*1W*1234567891~
AMT*AU*442.00~
AMT*D*110.50~
AMT*F5*221.00~
SVC*HC:99213*2210.00*1768.00*UN*1~
DTM*472*D8*20251210~
CAS*CO*45*110.50~
CAS*PR*1*110.50~
CAS*PR*2*221.00~LX*72~
CLP*CLAIM000072*1*2220.00*1776.00*0*11*1234567892*20251209*1~
CAS*PR*1*111.00~
CAS*PR*2*222.00~
CAS*CO*45*111.00~
NM1*QC*1*PATIENT*JOHN*M***MI*1234567892~
NM1*82*1*PROVIDER*JANE*M***XX*1234567890~
REF*D9*PATIENT000072~
REF*1W*1234567892~
AMT*AU*444.00~
AMT*D*111.00~
AMT*F5*222.00~
SVC*HC:99213*2220.00*1776.00*UN*1~
DTM*472*D8*20251209~
CAS*CO*45*111.00~
CAS*PR*1*111.00~
CAS*PR*2*222.00~LX*73~
CLP*CLAIM000073*1*2230.00*1784.00*0*11*1234567893*20251208*1~
CAS*PR*1*111.50~
CAS*PR*2*223.00~
CAS*CO*45*111.50~
NM1*QC*1*PATIENT*JOHN*M***MI*1234567893~
NM1*82*1*PROVIDER*JANE*M***XX*1234567890~
REF*D9*PATIENT000073~
REF*1W*1234567893~
AMT*AU*446.00~
AMT*D*111.50~
AMT*F5*223.00~
SVC*HC:99213*2230.00*1784.00*UN*1~
DTM*472*D8*20251208~
CAS*CO*45*111.50~
CAS*PR*1*111.50~
CAS*PR*2*223.00~LX*74~
CLP*CLAIM000074*1*2240.00*1792.00*0*11*1234567894*20251207*1~
CAS*PR*1*112.00~
CAS*PR*2*224.00~
CAS*CO*45*112.00~
NM1*QC*1*PATIENT*JOHN*M***MI*1234567894~
NM1*82*1*PROVIDER*JANE*M***XX*1234567890~
REF*D9*PATIENT000074~
REF*1W*1234567894~
AMT*AU*448.00~
AMT*D*112.00~
AMT*F5*224.00~
SVC*HC:99213*2240.00*1792.00*UN*1~
DTM*472*D8*20251207~
CAS*CO*45*112.00~
CAS*PR*1*112.00~
CAS*PR*2*224.00~LX*75~
CLP*CLAIM000075*1*2250.00*1800.00*0*11*1234567895*20251206*1~
CAS*PR*1*112.50~
CAS*PR*2*225.00~
CAS*CO*45*112.50~
NM1*QC*1*PATIENT*JOHN*M***MI*1234567895~
NM1*82*1*PROVIDER*JANE*M***XX*1234567890~
REF*D9*PATIENT000075~
REF*1W*1234567895~
AMT*AU*450.00~
AMT*D*112.50~
AMT*F5*225.00~
SVC*HC:99213*2250.00*1800.00*UN*1~
DTM*472*D8*20251206~
CAS*CO*45*112.50~
CAS*PR*1*112.50~
CAS*PR*2*225.00~LX*76~
CLP*CLAIM000076*1*2260.00*1808.00*0*11*1234567896*20251205*1~
CAS*PR*1*113.00~
CAS*PR*2*226.00~
CAS*CO*45*113.00~
NM1*QC*1*PATIENT*JOHN*M***MI*1234567896~
NM1*82*1*PROVIDER*JANE*M***XX*1234567890~
REF*D9*PATIENT000076~
REF*1W*1234567896~
AMT*AU*452.00~
AMT*D*113.00~
AMT*F5*226.00~
SVC*HC:99213*2260.00*1808.00*UN*1~
DTM*472*D8*20251205~
CAS*CO*45*113.00~
CAS*PR*1*113.00~
CAS*PR*2*226.00~LX*77~
CLP*CLAIM000077*1*2270.00*1816.00*0*11*1234567897*20251204*1~
CAS*PR*1*113.50~
CAS*PR*2*227.00~
CAS*CO*45*113.50~
NM1*QC*1*PATIENT*JOHN*M***MI*1234567897~
NM1*82*1*PROVIDER*JANE*M***XX*1234567890~
REF*D9*PATIENT000077~
REF*1W*1234567897~
AMT*AU*454.00~
AMT*D*113.50~
AMT*F5*227.00~
SVC*HC:99213*2270.00*1816.00*UN*1~
DTM*472*D8*20251204~
CAS*CO*45*113.50~
CAS*PR*1*113.50~
CAS*PR*2*227.00~LX*78~
CLP*CLAIM000078*1*2280.00*1824.00*0*11*1234567898*20251203*1~
CAS*PR*1*114.00~
CAS*PR*2*228.00~
CAS*CO*45*114.00~
NM1*QC*1*PATIENT*JOHN*M***MI*1234567898~
NM1*82*1*PROVIDER*JANE*M***XX*1234567890~
REF*D9*PATIENT000078~
REF*1W*1234567898~
AMT*AU*456.00~
AMT*D*114.00~
AMT*F5*228.00~
SVC*HC:99213*2280.00*1824.00*UN*1~
DTM*472*D8*20251203~
CAS*CO*45*114.00~
CAS*PR*1*114.00~
CAS*PR*2*228.00~LX*79~
CLP*CLAIM000079*1*2290.00*1832.00*0*11*1234567899*20251202*1~
CAS*PR*1*114.50~
CAS*PR*2*229.00~
CAS*CO*45*114.50~
NM1*QC*1*PATIENT*JOHN*M***MI*1234567899~
NM1*82*1*PROVIDER*JANE*M***XX*1234567890~
REF*D9*PATIENT000079~
REF*1W*1234567899~
AMT*AU*458.00~
AMT*D*114.50~
AMT*F5*229.00~
SVC*HC:99213*2290.00*1832.00*UN*1~
DTM*472*D8*20251202~
CAS*CO*45*114.50~
CAS*PR*1*114.50~
CAS*PR*2*229.00~LX*80~
CLP*CLAIM000080*1*2300.00*1840.00*0*11*1234567890*20251201*1~
CAS*PR*1*115.00~
CAS*PR*2*230.00~
CAS*CO*45*115.00~
NM1*QC*1*PATIENT*JOHN*M***MI*1234567890~
NM1*82*1*PROVIDER*JANE*M***XX*1234567890~
REF*D9*PATIENT000080~
REF*1W*1234567890~
AMT*AU*460.00~
AMT*D*115.00~
AMT*F5*230.00~
SVC*HC:99213*2300.00*1840.00*UN*1~
DTM*472*D8*20251201~
CAS*CO*45*115.00~
CAS*PR*1*115.00~
CAS*PR*2*230.00~LX*81~
CLP*CLAIM000081*1*2310.00*1848.00*0*11*1234567891*20251130*1~
CAS*PR*1*115.50~
CAS*PR*2*231.00~
CAS*CO*45*115.50~
NM1*QC*1*PATIENT*JOHN*M***MI*1234567891~
NM1*82*1*PROVIDER*JANE*M***XX*1234567890~
REF*D9*PATIENT000081~
REF*1W*1234567891~
AMT*AU*462.00~
AMT*D*115.50~
AMT*F5*231.00~
SVC*HC:99213*2310.00*1848.00*UN*1~
DTM*472*D8*20251130~
CAS*CO*45*115.50~
CAS*PR*1*115.50~
CAS*PR*2*231.00~LX*82~
CLP*CLAIM000082*1*2320.00*1856.00*0*11*1234567892*20251129*1~
CAS*PR*1*116.00~
CAS*PR*2*232.00~
CAS*CO*45*116.00~
NM1*QC*1*PATIENT*JOHN*M***MI*1234567892~
NM1*82*1*PROVIDER*JANE*M***XX*1234567890~
REF*D9*PATIENT000082~
REF*1W*1234567892~
AMT*AU*464.00~
AMT*D*116.00~
AMT*F5*232.00~
SVC*HC:99213*2320.00*1856.00*UN*1~
DTM*472*D8*20251129~
CAS*CO*45*116.00~
CAS*PR*1*116.00~
CAS*PR*2*232.00~LX*83~
CLP*CLAIM000083*1*2330.00*1864.00*0*11*1234567893*20251128*1~
CAS*PR*1*116.50~
CAS*PR*2*233.00~
CAS*CO*45*116.50~
NM1*QC*1*PATIENT*JOHN*M***MI*1234567893~
NM1*82*1*PROVIDER*JANE*M***XX*1234567890~
REF*D9*PATIENT000083~
REF*1W*1234567893~
AMT*AU*466.00~
AMT*D*116.50~
AMT*F5*233.00~
SVC*HC:99213*2330.00*1864.00*UN*1~
DTM*472*D8*20251128~
CAS*CO*45*116.50~
CAS*PR*1*116.50~
CAS*PR*2*233.00~LX*84~
CLP*CLAIM000084*1*2340.00*1872.00*0*11*1234567894*20251127*1~
CAS*PR*1*117.00~
CAS*PR*2*234.00~
CAS*CO*45*117.00~
NM1*QC*1*PATIENT*JOHN*M***MI*1234567894~
NM1*82*1*PROVIDER*JANE*M***XX*1234567890~
REF*D9*PATIENT000084~
REF*1W*1234567894~
AMT*AU*468.00~
AMT*D*117.00~
AMT*F5*234.00~
SVC*HC:99213*2340.00*1872.00*UN*1~
DTM*472*D8*20251127~
CAS*CO*45*117.00~
CAS*PR*1*117.00~
CAS*PR*2*234.00~LX*85~
CLP*CLAIM000085*1*2350.00*1880.00*0*11*1234567895*20251126*1~
CAS*PR*1*117.50~
CAS*PR*2*235.00~
CAS*CO*45*117.50~
NM1*QC*1*PATIENT*JOHN*M***MI*1234567895~
NM1*82*1*PROVIDER*JANE*M***XX*1234567890~
REF*D9*PATIENT000085~
REF*1W*1234567895~
AMT*AU*470.00~
AMT*D*117.50~
AMT*F5*235.00~
SVC*HC:99213*2350.00*1880.00*UN*1~
DTM*472*D8*20251126~
CAS*CO*45*117.50~
CAS*PR*1*117.50~
CAS*PR*2*235.00~LX*86~
CLP*CLAIM000086*1*2360.00*1888.00*0*11*1234567896*20251125*1~
CAS*PR*1*118.00~
CAS*PR*2*236.00~
CAS*CO*45*118.00~
NM1*QC*1*PATIENT*JOHN*M***MI*1234567896~
NM1*82*1*PROVIDER*JANE*M***XX*1234567890~
REF*D9*PATIENT000086~
REF*1W*1234567896~
AMT*AU*472.00~
AMT*D*118.00~
AMT*F5*236.00~
SVC*HC:99213*2360.00*1888.00*UN*1~
DTM*472*D8*20251125~
CAS*CO*45*118.00~
CAS*PR*1*118.00~
CAS*PR*2*236.00~LX*87~
CLP*CLAIM000087*1*2370.00*1896.00*0*11*1234567897*20251124*1~
CAS*PR*1*118.50~
CAS*PR*2*237.00~
CAS*CO*45*118.50~
NM1*QC*1*PATIENT*JOHN*M***MI*1234567897~
NM1*82*1*PROVIDER*JANE*M***XX*1234567890~
REF*D9*PATIENT000087~
REF*1W*1234567897~
AMT*AU*474.00~
AMT*D*118.50~
AMT*F5*237.00~
SVC*HC:99213*2370.00*1896.00*UN*1~
DTM*472*D8*20251124~
CAS*CO*45*118.50~
CAS*PR*1*118.50~
CAS*PR*2*237.00~LX*88~
CLP*CLAIM000088*1*2380.00*1904.00*0*11*1234567898*20251123*1~
CAS*PR*1*119.00~
CAS*PR*2*238.00~
CAS*CO*45*119.00~
NM1*QC*1*PATIENT*JOHN*M***MI*1234567898~
NM1*82*1*PROVIDER*JANE*M***XX*1234567890~
REF*D9*PATIENT000088~
REF*1W*1234567898~
AMT*AU*476.00~
AMT*D*119.00~
AMT*F5*238.00~
SVC*HC:99213*2380.00*1904.00*UN*1~
DTM*472*D8*20251123~
CAS*CO*45*119.00~
CAS*PR*1*119.00~
CAS*PR*2*238.00~LX*89~
CLP*CLAIM000089*1*2390.00*1912.00*0*11*1234567899*20251122*1~
CAS*PR*1*119.50~
CAS*PR*2*239.00~
CAS*CO*45*119.50~
NM1*QC*1*PATIENT*JOHN*M***MI*1234567899~
NM1*82*1*PROVIDER*JANE*M***XX*1234567890~
REF*D9*PATIENT000089~
REF*1W*1234567899~
AMT*AU*478.00~
AMT*D*119.50~
AMT*F5*239.00~
SVC*HC:99213*2390.00*1912.00*UN*1~
DTM*472*D8*20251122~
CAS*CO*45*119.50~
CAS*PR*1*119.50~
CAS*PR*2*239.00~LX*90~
CLP*CLAIM000090*1*2400.00*1920.00*0*11*1234567890*20251221*1~
CAS*PR*1*120.00~
CAS*PR*2*240.00~
CAS*CO*45*120.00~
NM1*QC*1*PATIENT*JOHN*M***MI*1234567890~
NM1*82*1*PROVIDER*JANE*M***XX*1234567890~
REF*D9*PATIENT000090~
REF*1W*1234567890~
AMT*AU*480.00~
AMT*D*120.00~
AMT*F5*240.00~
SVC*HC:99213*2400.00*1920.00*UN*1~
DTM*472*D8*20251221~
CAS*CO*45*120.00~
CAS*PR*1*120.00~
CAS*PR*2*240.00~LX*91~
CLP*CLAIM000091*1*2410.00*1928.00*0*11*1234567891*20251220*1~
CAS*PR*1*120.50~
CAS*PR*2*241.00~
CAS*CO*45*120.50~
NM1*QC*1*PATIENT*JOHN*M***MI*1234567891~
NM1*82*1*PROVIDER*JANE*M***XX*1234567890~
REF*D9*PATIENT000091~
REF*1W*1234567891~
AMT*AU*482.00~
AMT*D*120.50~
AMT*F5*241.00~
SVC*HC:99213*2410.00*1928.00*UN*1~
DTM*472*D8*20251220~
CAS*CO*45*120.50~
CAS*PR*1*120.50~
CAS*PR*2*241.00~LX*92~
CLP*CLAIM000092*1*2420.00*1936.00*0*11*1234567892*20251219*1~
CAS*PR*1*121.00~
CAS*PR*2*242.00~
CAS*CO*45*121.00~
NM1*QC*1*PATIENT*JOHN*M***MI*1234567892~
NM1*82*1*PROVIDER*JANE*M***XX*1234567890~
REF*D9*PATIENT000092~
REF*1W*1234567892~
AMT*AU*484.00~
AMT*D*121.00~
AMT*F5*242.00~
SVC*HC:99213*2420.00*1936.00*UN*1~
DTM*472*D8*20251219~
CAS*CO*45*121.00~
CAS*PR*1*121.00~
CAS*PR*2*242.00~LX*93~
CLP*CLAIM000093*1*2430.00*1944.00*0*11*1234567893*20251218*1~
CAS*PR*1*121.50~
CAS*PR*2*243.00~
CAS*CO*45*121.50~
NM1*QC*1*PATIENT*JOHN*M***MI*1234567893~
NM1*82*1*PROVIDER*JANE*M***XX*1234567890~
REF*D9*PATIENT000093~
REF*1W*1234567893~
AMT*AU*486.00~
AMT*D*121.50~
AMT*F5*243.00~
SVC*HC:99213*2430.00*1944.00*UN*1~
DTM*472*D8*20251218~
CAS*CO*45*121.50~
CAS*PR*1*121.50~
CAS*PR*2*243.00~LX*94~
CLP*CLAIM000094*1*2440.00*1952.00*0*11*1234567894*20251217*1~
CAS*PR*1*122.00~
CAS*PR*2*244.00~
CAS*CO*45*122.00~
NM1*QC*1*PATIENT*JOHN*M***MI*1234567894~
NM1*82*1*PROVIDER*JANE*M***XX*1234567890~
REF*D9*PATIENT000094~
REF*1W*1234567894~
AMT*AU*488.00~
AMT*D*122.00~
AMT*F5*244.00~
SVC*HC:99213*2440.00*1952.00*UN*1~
DTM*472*D8*20251217~
CAS*CO*45*122.00~
CAS*PR*1*122.00~
CAS*PR*2*244.00~LX*95~
CLP*CLAIM000095*1*2450.00*1960.00*0*11*1234567895*20251216*1~
CAS*PR*1*122.50~
CAS*PR*2*245.00~
CAS*CO*45*122.50~
NM1*QC*1*PATIENT*JOHN*M***MI*1234567895~
NM1*82*1*PROVIDER*JANE*M***XX*1234567890~
REF*D9*PATIENT000095~
REF*1W*1234567895~
AMT*AU*490.00~
AMT*D*122.50~
AMT*F5*245.00~
SVC*HC:99213*2450.00*1960.00*UN*1~
DTM*472*D8*20251216~
CAS*CO*45*122.50~
CAS*PR*1*122.50~
CAS*PR*2*245.00~LX*96~
CLP*CLAIM000096*1*2460.00*1968.00*0*11*1234567896*20251215*1~
CAS*PR*1*123.00~
CAS*PR*2*246.00~
CAS*CO*45*123.00~
NM1*QC*1*PATIENT*JOHN*M***MI*1234567896~
NM1*82*1*PROVIDER*JANE*M***XX*1234567890~
REF*D9*PATIENT000096~
REF*1W*1234567896~
AMT*AU*492.00~
AMT*D*123.00~
AMT*F5*246.00~
SVC*HC:99213*2460.00*1968.00*UN*1~
DTM*472*D8*20251215~
CAS*CO*45*123.00~
CAS*PR*1*123.00~
CAS*PR*2*246.00~LX*97~
CLP*CLAIM000097*1*2470.00*1976.00*0*11*1234567897*20251214*1~
CAS*PR*1*123.50~
CAS*PR*2*247.00~
CAS*CO*45*123.50~
NM1*QC*1*PATIENT*JOHN*M***MI*1234567897~
NM1*82*1*PROVIDER*JANE*M***XX*1234567890~
REF*D9*PATIENT000097~
REF*1W*1234567897~
AMT*AU*494.00~
AMT*D*123.50~
AMT*F5*247.00~
SVC*HC:99213*2470.00*1976.00*UN*1~
DTM*472*D8*20251214~
CAS*CO*45*123.50~
CAS*PR*1*123.50~
CAS*PR*2*247.00~LX*98~
CLP*CLAIM000098*1*2480.00*1984.00*0*11*1234567898*20251213*1~
CAS*PR*1*124.00~
CAS*PR*2*248.00~
CAS*CO*45*124.00~
NM1*QC*1*PATIENT*JOHN*M***MI*1234567898~
NM1*82*1*PROVIDER*JANE*M***XX*1234567890~
REF*D9*PATIENT000098~
REF*1W*1234567898~
AMT*AU*496.00~
AMT*D*124.00~
AMT*F5*248.00~
SVC*HC:99213*2480.00*1984.00*UN*1~
DTM*472*D8*20251213~
CAS*CO*45*124.00~
CAS*PR*1*124.00~
CAS*PR*2*248.00~LX*99~
CLP*CLAIM000099*1*2490.00*1992.00*0*11*1234567899*20251212*1~
CAS*PR*1*124.50~
CAS*PR*2*249.00~
CAS*CO*45*124.50~
NM1*QC*1*PATIENT*JOHN*M***MI*1234567899~
NM1*82*1*PROVIDER*JANE*M***XX*1234567890~
REF*D9*PATIENT000099~
REF*1W*1234567899~
AMT*AU*498.00~
AMT*D*124.50~
AMT*F5*249.00~
SVC*HC:99213*2490.00*1992.00*UN*1~
DTM*472*D8*20251212~
CAS*CO*45*124.50~
CAS*PR*1*124.50~
CAS*PR*2*249.00~LX*100~
CLP*CLAIM000100*1*2500.00*2000.00*0*11*1234567890*20251211*1~
CAS*PR*1*125.00~
CAS*PR*2*250.00~
CAS*CO*45*125.00~
NM1*QC*1*PATIENT*JOHN*M***MI*1234567890~
NM1*82*1*PROVIDER*JANE*M***XX*1234567890~
REF*D9*PATIENT000100~
REF*1W*1234567890~
AMT*AU*500.00~
AMT*D*125.00~
AMT*F5*250.00~
SVC*HC:99213*2500.00*2000.00*UN*1~
DTM*472*D8*20251211~
CAS*CO*45*125.00~
CAS*PR*1*125.00~
CAS*PR*2*250.00~LX*101~
CLP*CLAIM000101*1*2510.00*2008.00*0*11*1234567891*20251210*1~
CAS*PR*1*125.50~
CAS*PR*2*251.00~
CAS*CO*45*125.50~
NM1*QC*1*PATIENT*JOHN*M***MI*1234567891~
NM1*82*1*PROVIDER*JANE*M***XX*1234567890~
REF*D9*PATIENT000101~
REF*1W*1234567891~
AMT*AU*502.00~
AMT*D*125.50~
AMT*F5*251.00~
SVC*HC:99213*2510.00*2008.00*UN*1~
DTM*472*D8*20251210~
CAS*CO*45*125.50~
CAS*PR*1*125.50~
CAS*PR*2*251.00~LX*102~
CLP*CLAIM000102*1*2520.00*2016.00*0*11*1234567892*20251209*1~
CAS*PR*1*126.00~
CAS*PR*2*252.00~
CAS*CO*45*126.00~
NM1*QC*1*PATIENT*JOHN*M***MI*1234567892~
NM1*82*1*PROVIDER*JANE*M***XX*1234567890~
REF*D9*PATIENT000102~
REF*1W*1234567892~
AMT*AU*504.00~
AMT*D*126.00~
AMT*F5*252.00~
SVC*HC:99213*2520.00*2016.00*UN*1~
DTM*472*D8*20251209~
CAS*CO*45*126.00~
CAS*PR*1*126.00~
CAS*PR*2*252.00~LX*103~
CLP*CLAIM000103*1*2530.00*2024.00*0*11*1234567893*20251208*1~
CAS*PR*1*126.50~
CAS*PR*2*253.00~
CAS*CO*45*126.50~
NM1*QC*1*PATIENT*JOHN*M***MI*1234567893~
NM1*82*1*PROVIDER*JANE*M***XX*1234567890~
REF*D9*PATIENT000103~
REF*1W*1234567893~
AMT*AU*506.00~
AMT*D*126.50~
AMT*F5*253.00~
SVC*HC:99213*2530.00*2024.00*UN*1~
DTM*472*D8*20251208~
CAS*CO*45*126.50~
CAS*PR*1*126.50~
CAS*PR*2*253.00~LX*104~
CLP*CLAIM000104*1*2540.00*2032.00*0*11*1234567894*20251207*1~
CAS*PR*1*127.00~
CAS*PR*2*254.00~
CAS*CO*45*127.00~
NM1*QC*1*PATIENT*JOHN*M***MI*1234567894~
NM1*82*1*PROVIDER*JANE*M***XX*1234567890~
REF*D9*PATIENT000104~
REF*1W*1234567894~
AMT*AU*508.00~
AMT*D*127.00~
AMT*F5*254.00~
SVC*HC:99213*2540.00*2032.00*UN*1~
DTM*472*D8*20251207~
CAS*CO*45*127.00~
CAS*PR*1*127.00~
CAS*PR*2*254.00~LX*105~
CLP*CLAIM000105*1*2550.00*2040.00*0*11*1234567895*20251206*1~
CAS*PR*1*127.50~
CAS*PR*2*255.00~
CAS*CO*45*127.50~
NM1*QC*1*PATIENT*JOHN*M***MI*1234567895~
NM1*82*1*PROVIDER*JANE*M***XX*1234567890~
REF*D9*PATIENT000105~
REF*1W*1234567895~
AMT*AU*510.00~
AMT*D*127.50~
AMT*F5*255.00~
SVC*HC:99213*2550.00*2040.00*UN*1~
DTM*472*D8*20251206~
CAS*CO*45*127.50~
CAS*PR*1*127.50~
CAS*PR*2*255.00~LX*106~
CLP*CLAIM000106*1*2560.00*2048.00*0*11*1234567896*20251205*1~
CAS*PR*1*128.00~
CAS*PR*2*256.00~
CAS*CO*45*128.00~
NM1*QC*1*PATIENT*JOHN*M***MI*1234567896~
NM1*82*1*PROVIDER*JANE*M***XX*1234567890~
REF*D9*PATIENT000106~
REF*1W*1234567896~
AMT*AU*512.00~
AMT*D*128.00~
AMT*F5*256.00~
SVC*HC:99213*2560.00*2048.00*UN*1~
DTM*472*D8*20251205~
CAS*CO*45*128.00~
CAS*PR*1*128.00~
CAS*PR*2*256.00~LX*107~
CLP*CLAIM000107*1*2570.00*2056.00*0*11*1234567897*20251204*1~
CAS*PR*1*128.50~
CAS*PR*2*257.00~
CAS*CO*45*128.50~
NM1*QC*1*PATIENT*JOHN*M***MI*1234567897~
NM1*82*1*PROVIDER*JANE*M***XX*1234567890~
REF*D9*PATIENT000107~
REF*1W*1234567897~
AMT*AU*514.00~
AMT*D*128.50~
AMT*F5*257.00~
SVC*HC:99213*2570.00*2056.00*UN*1~
DTM*472*D8*20251204~
CAS*CO*45*128.50~
CAS*PR*1*128.50~
CAS*PR*2*257.00~LX*108~
CLP*CLAIM000108*1*2580.00*2064.00*0*11*1234567898*20251203*1~
CAS*PR*1*129.00~
CAS*PR*2*258.00~
CAS*CO*45*129.00~
NM1*QC*1*PATIENT*JOHN*M***MI*1234567898~
NM1*82*1*PROVIDER*JANE*M***XX*1234567890~
REF*D9*PATIENT000108~
REF*1W*1234567898~
AMT*AU*516.00~
AMT*D*129.00~
AMT*F5*258.00~
SVC*HC:99213*2580.00*2064.00*UN*1~
DTM*472*D8*20251203~
CAS*CO*45*129.00~
CAS*PR*1*129.00~
CAS*PR*2*258.00~LX*109~
CLP*CLAIM000109*1*2590.00*2072.00*0*11*1234567899*20251202*1~
CAS*PR*1*129.50~
CAS*PR*2*259.00~
CAS*CO*45*129.50~
NM1*QC*1*PATIENT*JOHN*M***MI*1234567899~
NM1*82*1*PROVIDER*JANE*M***XX*1234567890~
REF*D9*PATIENT000109~
REF*1W*1234567899~
AMT*AU*518.00~
AMT*D*129.50~
AMT*F5*259.00~
SVC*HC:99213*2590.00*2072.00*UN*1~
DTM*472*D8*20251202~
CAS*CO*45*129.50~
CAS*PR*1*129.50~
CAS*PR*2*259.00~LX*110~
CLP*CLAIM000110*1*2600.00*2080.00*0*11*1234567890*20251201*1~
CAS*PR*1*130.00~
CAS*PR*2*260.00~
CAS*CO*45*130.00~
NM1*QC*1*PATIENT*JOHN*M***MI*1234567890~
NM1*82*1*PROVIDER*JANE*M***XX*1234567890~
REF*D9*PATIENT000110~
REF*1W*1234567890~
AMT*AU*520.00~
AMT*D*130.00~
AMT*F5*260.00~
SVC*HC:99213*2600.00*2080.00*UN*1~
DTM*472*D8*20251201~
CAS*CO*45*130.00~
CAS*PR*1*130.00~
CAS*PR*2*260.00~LX*111~
CLP*CLAIM000111*1*2610.00*2088.00*0*11*1234567891*20251130*1~
CAS*PR*1*130.50~
CAS*PR*2*261.00~
CAS*CO*45*130.50~
NM1*QC*1*PATIENT*JOHN*M***MI*1234567891~
NM1*82*1*PROVIDER*JANE*M***XX*1234567890~
REF*D9*PATIENT000111~
REF*1W*1234567891~
AMT*AU*522.00~
AMT*D*130.50~
AMT*F5*261.00~
SVC*HC:99213*2610.00*2088.00*UN*1~
DTM*472*D8*20251130~
CAS*CO*45*130.50~
CAS*PR*1*130.50~
CAS*PR*2*261.00~LX*112~
CLP*CLAIM000112*1*2620.00*2096.00*0*11*1234567892*20251129*1~
CAS*PR*1*131.00~
CAS*PR*2*262.00~
CAS*CO*45*131.00~
NM1*QC*1*PATIENT*JOHN*M***MI*1234567892~
NM1*82*1*PROVIDER*JANE*M***XX*1234567890~
REF*D9*PATIENT000112~
REF*1W*1234567892~
AMT*AU*524.00~
AMT*D*131.00~
AMT*F5*262.00~
SVC*HC:99213*2620.00*2096.00*UN*1~
DTM*472*D8*20251129~
CAS*CO*45*131.00~
CAS*PR*1*131.00~
CAS*PR*2*262.00~LX*113~
CLP*CLAIM000113*1*2630.00*2104.00*0*11*1234567893*20251128*1~
CAS*PR*1*131.50~
CAS*PR*2*263.00~
CAS*CO*45*131.50~
NM1*QC*1*PATIENT*JOHN*M***MI*1234567893~
NM1*82*1*PROVIDER*JANE*M***XX*1234567890~
REF*D9*PATIENT000113~
REF*1W*1234567893~
AMT*AU*526.00~
AMT*D*131.50~
AMT*F5*263.00~
SVC*HC:99213*2630.00*2104.00*UN*1~
DTM*472*D8*20251128~
CAS*CO*45*131.50~
CAS*PR*1*131.50~
CAS*PR*2*263.00~LX*114~
CLP*CLAIM000114*1*2640.00*2112.00*0*11*1234567894*20251127*1~
CAS*PR*1*132.00~
CAS*PR*2*264.00~
CAS*CO*45*132.00~
NM1*QC*1*PATIENT*JOHN*M***MI*1234567894~
NM1*82*1*PROVIDER*JANE*M***XX*1234567890~
REF*D9*PATIENT000114~
REF*1W*1234567894~
AMT*AU*528.00~
AMT*D*132.00~
AMT*F5*264.00~
SVC*HC:99213*2640.00*2112.00*UN*1~
DTM*472*D8*20251127~
CAS*CO*45*132.00~
CAS*PR*1*132.00~
CAS*PR*2*264.00~LX*115~
CLP*CLAIM000115*1*2650.00*2120.00*0*11*1234567895*20251126*1~
CAS*PR*1*132.50~
CAS*PR*2*265.00~
CAS*CO*45*132.50~
NM1*QC*1*PATIENT*JOHN*M***MI*1234567895~
NM1*82*1*PROVIDER*JANE*M***XX*1234567890~
REF*D9*PATIENT000115~
REF*1W*1234567895~
AMT*AU*530.00~
AMT*D*132.50~
AMT*F5*265.00~
SVC*HC:99213*2650.00*2120.00*UN*1~
DTM*472*D8*20251126~
CAS*CO*45*132.50~
CAS*PR*1*132.50~
CAS*PR*2*265.00~LX*116~
CLP*CLAIM000116*1*2660.00*2128.00*0*11*1234567896*20251125*1~
CAS*PR*1*133.00~
CAS*PR*2*266.00~
CAS*CO*45*133.00~
NM1*QC*1*PATIENT*JOHN*M***MI*1234567896~
NM1*82*1*PROVIDER*JANE*M***XX*1234567890~
REF*D9*PATIENT000116~
REF*1W*1234567896~
AMT*AU*532.00~
AMT*D*133.00~
AMT*F5*266.00~
SVC*HC:99213*2660.00*2128.00*UN*1~
DTM*472*D8*20251125~
CAS*CO*45*133.00~
CAS*PR*1*133.00~
CAS*PR*2*266.00~LX*117~
CLP*CLAIM000117*1*2670.00*2136.00*0*11*1234567897*20251124*1~
CAS*PR*1*133.50~
CAS*PR*2*267.00~
CAS*CO*45*133.50~
NM1*QC*1*PATIENT*JOHN*M***MI*1234567897~
NM1*82*1*PROVIDER*JANE*M***XX*1234567890~
REF*D9*PATIENT000117~
REF*1W*1234567897~
AMT*AU*534.00~
AMT*D*133.50~
AMT*F5*267.00~
SVC*HC:99213*2670.00*2136.00*UN*1~
DTM*472*D8*20251124~
CAS*CO*45*133.50~
CAS*PR*1*133.50~
CAS*PR*2*267.00~LX*118~
CLP*CLAIM000118*1*2680.00*2144.00*0*11*1234567898*20251123*1~
CAS*PR*1*134.00~
CAS*PR*2*268.00~
CAS*CO*45*134.00~
NM1*QC*1*PATIENT*JOHN*M***MI*1234567898~
NM1*82*1*PROVIDER*JANE*M***XX*1234567890~
REF*D9*PATIENT000118~
REF*1W*1234567898~
AMT*AU*536.00~
AMT*D*134.00~
AMT*F5*268.00~
SVC*HC:99213*2680.00*2144.00*UN*1~
DTM*472*D8*20251123~
CAS*CO*45*134.00~
CAS*PR*1*134.00~
CAS*PR*2*268.00~LX*119~
CLP*CLAIM000119*1*2690.00*2152.00*0*11*1234567899*20251122*1~
CAS*PR*1*134.50~
CAS*PR*2*269.00~
CAS*CO*45*134.50~
NM1*QC*1*PATIENT*JOHN*M***MI*1234567899~
NM1*82*1*PROVIDER*JANE*M***XX*1234567890~
REF*D9*PATIENT000119~
REF*1W*1234567899~
AMT*AU*538.00~
AMT*D*134.50~
AMT*F5*269.00~
SVC*HC:99213*2690.00*2152.00*UN*1~
DTM*472*D8*20251122~
CAS*CO*45*134.50~
CAS*PR*1*134.50~
CAS*PR*2*269.00~LX*120~
CLP*CLAIM000120*1*2700.00*2160.00*0*11*1234567890*20251221*1~
CAS*PR*1*135.00~
CAS*PR*2*270.00~
CAS*CO*45*135.00~
NM1*QC*1*PATIENT*JOHN*M***MI*1234567890~
NM1*82*1*PROVIDER*JANE*M***XX*1234567890~
REF*D9*PATIENT000120~
REF*1W*1234567890~
AMT*AU*540.00~
AMT*D*135.00~
AMT*F5*270.00~
SVC*HC:99213*2700.00*2160.00*UN*1~
DTM*472*D8*20251221~
CAS*CO*45*135.00~
CAS*PR*1*135.00~
CAS*PR*2*270.00~LX*121~
CLP*CLAIM000121*1*2710.00*2168.00*0*11*1234567891*20251220*1~
CAS*PR*1*135.50~
CAS*PR*2*271.00~
CAS*CO*45*135.50~
NM1*QC*1*PATIENT*JOHN*M***MI*1234567891~
NM1*82*1*PROVIDER*JANE*M***XX*1234567890~
REF*D9*PATIENT000121~
REF*1W*1234567891~
AMT*AU*542.00~
AMT*D*135.50~
AMT*F5*271.00~
SVC*HC:99213*2710.00*2168.00*UN*1~
DTM*472*D8*20251220~
CAS*CO*45*135.50~
CAS*PR*1*135.50~
CAS*PR*2*271.00~LX*122~
CLP*CLAIM000122*1*2720.00*2176.00*0*11*1234567892*20251219*1~
CAS*PR*1*136.00~
CAS*PR*2*272.00~
CAS*CO*45*136.00~
NM1*QC*1*PATIENT*JOHN*M***MI*1234567892~
NM1*82*1*PROVIDER*JANE*M***XX*1234567890~
REF*D9*PATIENT000122~
REF*1W*1234567892~
AMT*AU*544.00~
AMT*D*136.00~
AMT*F5*272.00~
SVC*HC:99213*2720.00*2176.00*UN*1~
DTM*472*D8*20251219~
CAS*CO*45*136.00~
CAS*PR*1*136.00~
CAS*PR*2*272.00~LX*123~
CLP*CLAIM000123*1*2730.00*2184.00*0*11*1234567893*20251218*1~
CAS*PR*1*136.50~
CAS*PR*2*273.00~
CAS*CO*45*136.50~
NM1*QC*1*PATIENT*JOHN*M***MI*1234567893~
NM1*82*1*PROVIDER*JANE*M***XX*1234567890~
REF*D9*PATIENT000123~
REF*1W*1234567893~
AMT*AU*546.00~
AMT*D*136.50~
AMT*F5*273.00~
SVC*HC:99213*2730.00*2184.00*UN*1~
DTM*472*D8*20251218~
CAS*CO*45*136.50~
CAS*PR*1*136.50~
CAS*PR*2*273.00~LX*124~
CLP*CLAIM000124*1*2740.00*2192.00*0*11*1234567894*20251217*1~
CAS*PR*1*137.00~
CAS*PR*2*274.00~
CAS*CO*45*137.00~
NM1*QC*1*PATIENT*JOHN*M***MI*1234567894~
NM1*82*1*PROVIDER*JANE*M***XX*1234567890~
REF*D9*PATIENT000124~
REF*1W*1234567894~
AMT*AU*548.00~
AMT*D*137.00~
AMT*F5*274.00~
SVC*HC:99213*2740.00*2192.00*UN*1~
DTM*472*D8*20251217~
CAS*CO*45*137.00~
CAS*PR*1*137.00~
CAS*PR*2*274.00~LX*125~
CLP*CLAIM000125*1*2750.00*2200.00*0*11*1234567895*20251216*1~
CAS*PR*1*137.50~
CAS*PR*2*275.00~
CAS*CO*45*137.50~
NM1*QC*1*PATIENT*JOHN*M***MI*1234567895~
NM1*82*1*PROVIDER*JANE*M***XX*1234567890~
REF*D9*PATIENT000125~
REF*1W*1234567895~
AMT*AU*550.00~
AMT*D*137.50~
AMT*F5*275.00~
SVC*HC:99213*2750.00*2200.00*UN*1~
DTM*472*D8*20251216~
CAS*CO*45*137.50~
CAS*PR*1*137.50~
CAS*PR*2*275.00~LX*126~
CLP*CLAIM000126*1*2760.00*2208.00*0*11*1234567896*20251215*1~
CAS*PR*1*138.00~
CAS*PR*2*276.00~
CAS*CO*45*138.00~
NM1*QC*1*PATIENT*JOHN*M***MI*1234567896~
NM1*82*1*PROVIDER*JANE*M***XX*1234567890~
REF*D9*PATIENT000126~
REF*1W*1234567896~
AMT*AU*552.00~
AMT*D*138.00~
AMT*F5*276.00~
SVC*HC:99213*2760.00*2208.00*UN*1~
DTM*472*D8*20251215~
CAS*CO*45*138.00~
CAS*PR*1*138.00~
CAS*PR*2*276.00~LX*127~
CLP*CLAIM000127*1*2770.00*2216.00*0*11*1234567897*20251214*1~
CAS*PR*1*138.50~
CAS*PR*2*277.00~
CAS*CO*45*138.50~
NM1*QC*1*PATIENT*JOHN*M***MI*1234567897~
NM1*82*1*PROVIDER*JANE*M***XX*1234567890~
REF*D9*PATIENT000127~
REF*1W*1234567897~
AMT*AU*554.00~
AMT*D*138.50~
AMT*F5*277.00~
SVC*HC:99213*2770.00*2216.00*UN*1~
DTM*472*D8*20251214~
CAS*CO*45*138.50~
CAS*PR*1*138.50~
CAS*PR*2*277.00~LX*128~
CLP*CLAIM000128*1*2780.00*2224.00*0*11*1234567898*20251213*1~
CAS*PR*1*139.00~
CAS*PR*2*278.00~
CAS*CO*45*139.00~
NM1*QC*1*PATIENT*JOHN*M***MI*1234567898~
NM1*82*1*PROVIDER*JANE*M***XX*1234567890~
REF*D9*PATIENT000128~
REF*1W*1234567898~
AMT*AU*556.00~
AMT*D*139.00~
AMT*F5*278.00~
SVC*HC:99213*2780.00*2224.00*UN*1~
DTM*472*D8*20251213~
CAS*CO*45*139.00~
CAS*PR*1*139.00~
CAS*PR*2*278.00~LX*129~
CLP*CLAIM000129*1*2790.00*2232.00*0*11*1234567899*20251212*1~
CAS*PR*1*139.50~
CAS*PR*2*279.00~
CAS*CO*45*139.50~
NM1*QC*1*PATIENT*JOHN*M***MI*1234567899~
NM1*82*1*PROVIDER*JANE*M***XX*1234567890~
REF*D9*PATIENT000129~
REF*1W*1234567899~
AMT*AU*558.00~
AMT*D*139.50~
AMT*F5*279.00~
SVC*HC:99213*2790.00*2232.00*UN*1~
DTM*472*D8*20251212~
CAS*CO*45*139.50~
CAS*PR*1*139.50~
CAS*PR*2*279.00~LX*130~
CLP*CLAIM000130*1*2800.00*2240.00*0*11*1234567890*20251211*1~
CAS*PR*1*140.00~
CAS*PR*2*280.00~
CAS*CO*45*140.00~
NM1*QC*1*PATIENT*JOHN*M***MI*1234567890~
NM1*82*1*PROVIDER*JANE*M***XX*1234567890~
REF*D9*PATIENT000130~
REF*1W*1234567890~
AMT*AU*560.00~
AMT*D*140.00~
AMT*F5*280.00~
SVC*HC:99213*2800.00*2240.00*UN*1~
DTM*472*D8*20251211~
CAS*CO*45*140.00~
CAS*PR*1*140.00~
CAS*PR*2*280.00~LX*131~
CLP*CLAIM000131*1*2810.00*2248.00*0*11*1234567891*20251210*1~
CAS*PR*1*140.50~
CAS*PR*2*281.00~
CAS*CO*45*140.50~
NM1*QC*1*PATIENT*JOHN*M***MI*1234567891~
NM1*82*1*PROVIDER*JANE*M***XX*1234567890~
REF*D9*PATIENT000131~
REF*1W*1234567891~
AMT*AU*562.00~
AMT*D*140.50~
AMT*F5*281.00~
SVC*HC:99213*2810.00*2248.00*UN*1~
DTM*472*D8*20251210~
CAS*CO*45*140.50~
CAS*PR*1*140.50~
CAS*PR*2*281.00~LX*132~
CLP*CLAIM000132*1*2820.00*2256.00*0*11*1234567892*20251209*1~
CAS*PR*1*141.00~
CAS*PR*2*282.00~
CAS*CO*45*141.00~
NM1*QC*1*PATIENT*JOHN*M***MI*1234567892~
NM1*82*1*PROVIDER*JANE*M***XX*1234567890~
REF*D9*PATIENT000132~
REF*1W*1234567892~
AMT*AU*564.00~
AMT*D*141.00~
AMT*F5*282.00~
SVC*HC:99213*2820.00*2256.00*UN*1~
DTM*472*D8*20251209~
CAS*CO*45*141.00~
CAS*PR*1*141.00~
CAS*PR*2*282.00~LX*133~
CLP*CLAIM000133*1*2830.00*2264.00*0*11*1234567893*20251208*1~
CAS*PR*1*141.50~
CAS*PR*2*283.00~
CAS*CO*45*141.50~
NM1*QC*1*PATIENT*JOHN*M***MI*1234567893~
NM1*82*1*PROVIDER*JANE*M***XX*1234567890~
REF*D9*PATIENT000133~
REF*1W*1234567893~
AMT*AU*566.00~
AMT*D*141.50~
AMT*F5*283.00~
SVC*HC:99213*2830.00*2264.00*UN*1~
DTM*472*D8*20251208~
CAS*CO*45*141.50~
CAS*PR*1*141.50~
CAS*PR*2*283.00~LX*134~
CLP*CLAIM000134*1*2840.00*2272.00*0*11*1234567894*20251207*1~
CAS*PR*1*142.00~
CAS*PR*2*284.00~
CAS*CO*45*142.00~
NM1*QC*1*PATIENT*JOHN*M***MI*1234567894~
NM1*82*1*PROVIDER*JANE*M***XX*1234567890~
REF*D9*PATIENT000134~
REF*1W*1234567894~
AMT*AU*568.00~
AMT*D*142.00~
AMT*F5*284.00~
SVC*HC:99213*2840.00*2272.00*UN*1~
DTM*472*D8*20251207~
CAS*CO*45*142.00~
CAS*PR*1*142.00~
CAS*PR*2*284.00~LX*135~
CLP*CLAIM000135*1*2850.00*2280.00*0*11*1234567895*20251206*1~
CAS*PR*1*142.50~
CAS*PR*2*285.00~
CAS*CO*45*142.50~
NM1*QC*1*PATIENT*JOHN*M***MI*1234567895~
NM1*82*1*PROVIDER*JANE*M***XX*1234567890~
REF*D9*PATIENT000135~
REF*1W*1234567895~
AMT*AU*570.00~
AMT*D*142.50~
AMT*F5*285.00~
SVC*HC:99213*2850.00*2280.00*UN*1~
DTM*472*D8*20251206~
CAS*CO*45*142.50~
CAS*PR*1*142.50~
CAS*PR*2*285.00~LX*136~
CLP*CLAIM000136*1*2860.00*2288.00*0*11*1234567896*20251205*1~
CAS*PR*1*143.00~
CAS*PR*2*286.00~
CAS*CO*45*143.00~
NM1*QC*1*PATIENT*JOHN*M***MI*1234567896~
NM1*82*1*PROVIDER*JANE*M***XX*1234567890~
REF*D9*PATIENT000136~
REF*1W*1234567896~
AMT*AU*572.00~
AMT*D*143.00~
AMT*F5*286.00~
SVC*HC:99213*2860.00*2288.00*UN*1~
DTM*472*D8*20251205~
CAS*CO*45*143.00~
CAS*PR*1*143.00~
CAS*PR*2*286.00~LX*137~
CLP*CLAIM000137*1*2870.00*2296.00*0*11*1234567897*20251204*1~
CAS*PR*1*143.50~
CAS*PR*2*287.00~
CAS*CO*45*143.50~
NM1*QC*1*PATIENT*JOHN*M***MI*1234567897~
NM1*82*1*PROVIDER*JANE*M***XX*1234567890~
REF*D9*PATIENT000137~
REF*1W*1234567897~
AMT*AU*574.00~
AMT*D*143.50~
AMT*F5*287.00~
SVC*HC:99213*2870.00*2296.00*UN*1~
DTM*472*D8*20251204~
CAS*CO*45*143.50~
CAS*PR*1*143.50~
CAS*PR*2*287.00~LX*138~
CLP*CLAIM000138*1*2880.00*2304.00*0*11*1234567898*20251203*1~
CAS*PR*1*144.00~
CAS*PR*2*288.00~
CAS*CO*45*144.00~
NM1*QC*1*PATIENT*JOHN*M***MI*1234567898~
NM1*82*1*PROVIDER*JANE*M***XX*1234567890~
REF*D9*PATIENT000138~
REF*1W*1234567898~
AMT*AU*576.00~
AMT*D*144.00~
AMT*F5*288.00~
SVC*HC:99213*2880.00*2304.00*UN*1~
DTM*472*D8*20251203~
CAS*CO*45*144.00~
CAS*PR*1*144.00~
CAS*PR*2*288.00~LX*139~
CLP*CLAIM000139*1*2890.00*2312.00*0*11*1234567899*20251202*1~
CAS*PR*1*144.50~
CAS*PR*2*289.00~
CAS*CO*45*144.50~
NM1*QC*1*PATIENT*JOHN*M***MI*1234567899~
NM1*82*1*PROVIDER*JANE*M***XX*1234567890~
REF*D9*PATIENT000139~
REF*1W*1234567899~
AMT*AU*578.00~
AMT*D*144.50~
AMT*F5*289.00~
SVC*HC:99213*2890.00*2312.00*UN*1~
DTM*472*D8*20251202~
CAS*CO*45*144.50~
CAS*PR*1*144.50~
CAS*PR*2*289.00~LX*140~
CLP*CLAIM000140*1*2900.00*2320.00*0*11*1234567890*20251201*1~
CAS*PR*1*145.00~
CAS*PR*2*290.00~
CAS*CO*45*145.00~
NM1*QC*1*PATIENT*JOHN*M***MI*1234567890~
NM1*82*1*PROVIDER*JANE*M***XX*1234567890~
REF*D9*PATIENT000140~
REF*1W*1234567890~
AMT*AU*580.00~
AMT*D*145.00~
AMT*F5*290.00~
SVC*HC:99213*2900.00*2320.00*UN*1~
DTM*472*D8*20251201~
CAS*CO*45*145.00~
CAS*PR*1*145.00~
CAS*PR*2*290.00~LX*141~
CLP*CLAIM000141*1*2910.00*2328.00*0*11*1234567891*20251130*1~
CAS*PR*1*145.50~
CAS*PR*2*291.00~
CAS*CO*45*145.50~
NM1*QC*1*PATIENT*JOHN*M***MI*1234567891~
NM1*82*1*PROVIDER*JANE*M***XX*1234567890~
REF*D9*PATIENT000141~
REF*1W*1234567891~
AMT*AU*582.00~
AMT*D*145.50~
AMT*F5*291.00~
SVC*HC:99213*2910.00*2328.00*UN*1~
DTM*472*D8*20251130~
CAS*CO*45*145.50~
CAS*PR*1*145.50~
CAS*PR*2*291.00~LX*142~
CLP*CLAIM000142*1*2920.00*2336.00*0*11*1234567892*20251129*1~
CAS*PR*1*146.00~
CAS*PR*2*292.00~
CAS*CO*45*146.00~
NM1*QC*1*PATIENT*JOHN*M***MI*1234567892~
NM1*82*1*PROVIDER*JANE*M***XX*1234567890~
REF*D9*PATIENT000142~
REF*1W*1234567892~
AMT*AU*584.00~
AMT*D*146.00~
AMT*F5*292.00~
SVC*HC:99213*2920.00*2336.00*UN*1~
DTM*472*D8*20251129~
CAS*CO*45*146.00~
CAS*PR*1*146.00~
CAS*PR*2*292.00~LX*143~
CLP*CLAIM000143*1*2930.00*2344.00*0*11*1234567893*20251128*1~
CAS*PR*1*146.50~
CAS*PR*2*293.00~
CAS*CO*45*146.50~
NM1*QC*1*PATIENT*JOHN*M***MI*1234567893~
NM1*82*1*PROVIDER*JANE*M***XX*1234567890~
REF*D9*PATIENT000143~
REF*1W*1234567893~
AMT*AU*586.00~
AMT*D*146.50~
AMT*F5*293.00~
SVC*HC:99213*2930.00*2344.00*UN*1~
DTM*472*D8*20251128~
CAS*CO*45*146.50~
CAS*PR*1*146.50~
CAS*PR*2*293.00~LX*144~
CLP*CLAIM000144*1*2940.00*2352.00*0*11*1234567894*20251127*1~
CAS*PR*1*147.00~
CAS*PR*2*294.00~
CAS*CO*45*147.00~
NM1*QC*1*PATIENT*JOHN*M***MI*1234567894~
NM1*82*1*PROVIDER*JANE*M***XX*1234567890~
REF*D9*PATIENT000144~
REF*1W*1234567894~
AMT*AU*588.00~
AMT*D*147.00~
AMT*F5*294.00~
SVC*HC:99213*2940.00*2352.00*UN*1~
DTM*472*D8*20251127~
CAS*CO*45*147.00~
CAS*PR*1*147.00~
CAS*PR*2*294.00~LX*145~
CLP*CLAIM000145*1*2950.00*2360.00*0*11*1234567895*20251126*1~
CAS*PR*1*147.50~
CAS*PR*2*295.00~
CAS*CO*45*147.50~
NM1*QC*1*PATIENT*JOHN*M***MI*1234567895~
NM1*82*1*PROVIDER*JANE*M***XX*1234567890~
REF*D9*PATIENT000145~
REF*1W*1234567895~
AMT*AU*590.00~
AMT*D*147.50~
AMT*F5*295.00~
SVC*HC:99213*2950.00*2360.00*UN*1~
DTM*472*D8*20251126~
CAS*CO*45*147.50~
CAS*PR*1*147.50~
CAS*PR*2*295.00~LX*146~
CLP*CLAIM000146*1*2960.00*2368.00*0*11*1234567896*20251125*1~
CAS*PR*1*148.00~
CAS*PR*2*296.00~
CAS*CO*45*148.00~
NM1*QC*1*PATIENT*JOHN*M***MI*1234567896~
NM1*82*1*PROVIDER*JANE*M***XX*1234567890~
REF*D9*PATIENT000146~
REF*1W*1234567896~
AMT*AU*592.00~
AMT*D*148.00~
AMT*F5*296.00~
SVC*HC:99213*2960.00*2368.00*UN*1~
DTM*472*D8*20251125~
CAS*CO*45*148.00~
CAS*PR*1*148.00~
CAS*PR*2*296.00~LX*147~
CLP*CLAIM000147*1*2970.00*2376.00*0*11*1234567897*20251124*1~
CAS*PR*1*148.50~
CAS*PR*2*297.00~
CAS*CO*45*148.50~
NM1*QC*1*PATIENT*JOHN*M***MI*1234567897~
NM1*82*1*PROVIDER*JANE*M***XX*1234567890~
REF*D9*PATIENT000147~
REF*1W*1234567897~
AMT*AU*594.00~
AMT*D*148.50~
AMT*F5*297.00~
SVC*HC:99213*2970.00*2376.00*UN*1~
DTM*472*D8*20251124~
CAS*CO*45*148.50~
CAS*PR*1*148.50~
CAS*PR*2*297.00~LX*148~
CLP*CLAIM000148*1*2980.00*2384.00*0*11*1234567898*20251123*1~
CAS*PR*1*149.00~
CAS*PR*2*298.00~
CAS*CO*45*149.00~
NM1*QC*1*PATIENT*JOHN*M***MI*1234567898~
NM1*82*1*PROVIDER*JANE*M***XX*1234567890~
REF*D9*PATIENT000148~
REF*1W*1234567898~
AMT*AU*596.00~
AMT*D*149.00~
AMT*F5*298.00~
SVC*HC:99213*2980.00*2384.00*UN*1~
DTM*472*D8*20251123~
CAS*CO*45*149.00~
CAS*PR*1*149.00~
CAS*PR*2*298.00~LX*149~
CLP*CLAIM000149*1*2990.00*2392.00*0*11*1234567899*20251122*1~
CAS*PR*1*149.50~
CAS*PR*2*299.00~
CAS*CO*45*149.50~
NM1*QC*1*PATIENT*JOHN*M***MI*1234567899~
NM1*82*1*PROVIDER*JANE*M***XX*1234567890~
REF*D9*PATIENT000149~
REF*1W*1234567899~
AMT*AU*598.00~
AMT*D*149.50~
AMT*F5*299.00~
SVC*HC:99213*2990.00*2392.00*UN*1~
DTM*472*D8*20251122~
CAS*CO*45*149.50~
CAS*PR*1*149.50~
CAS*PR*2*299.00~LX*150~
CLP*CLAIM000150*1*3000.00*2400.00*0*11*1234567890*20251221*1~
CAS*PR*1*150.00~
CAS*PR*2*300.00~
CAS*CO*45*150.00~
NM1*QC*1*PATIENT*JOHN*M***MI*1234567890~
NM1*82*1*PROVIDER*JANE*M***XX*1234567890~
REF*D9*PATIENT000150~
REF*1W*1234567890~
AMT*AU*600.00~
AMT*D*150.00~
AMT*F5*300.00~
SVC*HC:99213*3000.00*2400.00*UN*1~
DTM*472*D8*20251221~
CAS*CO*45*150.00~
CAS*PR*1*150.00~
CAS*PR*2*300.00~LX*151~
CLP*CLAIM000151*1*3010.00*2408.00*0*11*1234567891*20251220*1~
CAS*PR*1*150.50~
CAS*PR*2*301.00~
CAS*CO*45*150.50~
NM1*QC*1*PATIENT*JOHN*M***MI*1234567891~
NM1*82*1*PROVIDER*JANE*M***XX*1234567890~
REF*D9*PATIENT000151~
REF*1W*1234567891~
AMT*AU*602.00~
AMT*D*150.50~
AMT*F5*301.00~
SVC*HC:99213*3010.00*2408.00*UN*1~
DTM*472*D8*20251220~
CAS*CO*45*150.50~
CAS*PR*1*150.50~
CAS*PR*2*301.00~LX*152~
CLP*CLAIM000152*1*3020.00*2416.00*0*11*1234567892*20251219*1~
CAS*PR*1*151.00~
CAS*PR*2*302.00~
CAS*CO*45*151.00~
NM1*QC*1*PATIENT*JOHN*M***MI*1234567892~
NM1*82*1*PROVIDER*JANE*M***XX*1234567890~
REF*D9*PATIENT000152~
REF*1W*1234567892~
AMT*AU*604.00~
AMT*D*151.00~
AMT*F5*302.00~
SVC*HC:99213*3020.00*2416.00*UN*1~
DTM*472*D8*20251219~
CAS*CO*45*151.00~
CAS*PR*1*151.00~
CAS*PR*2*302.00~LX*153~
CLP*CLAIM000153*1*3030.00*2424.00*0*11*1234567893*20251218*1~
CAS*PR*1*151.50~
CAS*PR*2*303.00~
CAS*CO*45*151.50~
NM1*QC*1*PATIENT*JOHN*M***MI*1234567893~
NM1*82*1*PROVIDER*JANE*M***XX*1234567890~
REF*D9*PATIENT000153~
REF*1W*1234567893~
AMT*AU*606.00~
AMT*D*151.50~
AMT*F5*303.00~
SVC*HC:99213*3030.00*2424.00*UN*1~
DTM*472*D8*20251218~
CAS*CO*45*151.50~
CAS*PR*1*151.50~
CAS*PR*2*303.00~LX*154~
CLP*CLAIM000154*1*3040.00*2432.00*0*11*1234567894*20251217*1~
CAS*PR*1*152.00~
CAS*PR*2*304.00~
CAS*CO*45*152.00~
NM1*QC*1*PATIENT*JOHN*M***MI*1234567894~
NM1*82*1*PROVIDER*JANE*M***XX*1234567890~
REF*D9*PATIENT000154~
REF*1W*1234567894~
AMT*AU*608.00~
AMT*D*152.00~
AMT*F5*304.00~
SVC*HC:99213*3040.00*2432.00*UN*1~
DTM*472*D8*20251217~
CAS*CO*45*152.00~
CAS*PR*1*152.00~
CAS*PR*2*304.00~LX*155~
CLP*CLAIM000155*1*3050.00*2440.00*0*11*1234567895*20251216*1~
CAS*PR*1*152.50~
CAS*PR*2*305.00~
CAS*CO*45*152.50~
NM1*QC*1*PATIENT*JOHN*M***MI*1234567895~
NM1*82*1*PROVIDER*JANE*M***XX*1234567890~
REF*D9*PATIENT000155~
REF*1W*1234567895~
AMT*AU*610.00~
AMT*D*152.50~
AMT*F5*305.00~
SVC*HC:99213*3050.00*2440.00*UN*1~
DTM*472*D8*20251216~
CAS*CO*45*152.50~
CAS*PR*1*152.50~
CAS*PR*2*305.00~LX*156~
CLP*CLAIM000156*1*3060.00*2448.00*0*11*1234567896*20251215*1~
CAS*PR*1*153.00~
CAS*PR*2*306.00~
CAS*CO*45*153.00~
NM1*QC*1*PATIENT*JOHN*M***MI*1234567896~
NM1*82*1*PROVIDER*JANE*M***XX*1234567890~
REF*D9*PATIENT000156~
REF*1W*1234567896~
AMT*AU*612.00~
AMT*D*153.00~
AMT*F5*306.00~
SVC*HC:99213*3060.00*2448.00*UN*1~
DTM*472*D8*20251215~
CAS*CO*45*153.00~
CAS*PR*1*153.00~
CAS*PR*2*306.00~LX*157~
CLP*CLAIM000157*1*3070.00*2456.00*0*11*1234567897*20251214*1~
CAS*PR*1*153.50~
CAS*PR*2*307.00~
CAS*CO*45*153.50~
NM1*QC*1*PATIENT*JOHN*M***MI*1234567897~
NM1*82*1*PROVIDER*JANE*M***XX*1234567890~
REF*D9*PATIENT000157~
REF*1W*1234567897~
AMT*AU*614.00~
AMT*D*153.50~
AMT*F5*307.00~
SVC*HC:99213*3070.00*2456.00*UN*1~
DTM*472*D8*20251214~
CAS*CO*45*153.50~
CAS*PR*1*153.50~
CAS*PR*2*307.00~LX*158~
CLP*CLAIM000158*1*3080.00*2464.00*0*11*1234567898*20251213*1~
CAS*PR*1*154.00~
CAS*PR*2*308.00~
CAS*CO*45*154.00~
NM1*QC*1*PATIENT*JOHN*M***MI*1234567898~
NM1*82*1*PROVIDER*JANE*M***XX*1234567890~
REF*D9*PATIENT000158~
REF*1W*1234567898~
AMT*AU*616.00~
AMT*D*154.00~
AMT*F5*308.00~
SVC*HC:99213*3080.00*2464.00*UN*1~
DTM*472*D8*20251213~
CAS*CO*45*154.00~
CAS*PR*1*154.00~
CAS*PR*2*308.00~LX*159~
CLP*CLAIM000159*1*3090.00*2472.00*0*11*1234567899*20251212*1~
CAS*PR*1*154.50~
CAS*PR*2*309.00~
CAS*CO*45*154.50~
NM1*QC*1*PATIENT*JOHN*M***MI*1234567899~
NM1*82*1*PROVIDER*JANE*M***XX*1234567890~
REF*D9*PATIENT000159~
REF*1W*1234567899~
AMT*AU*618.00~
AMT*D*154.50~
AMT*F5*309.00~
SVC*HC:99213*3090.00*2472.00*UN*1~
DTM*472*D8*20251212~
CAS*CO*45*154.50~
CAS*PR*1*154.50~
CAS*PR*2*309.00~LX*160~
CLP*CLAIM000160*1*3100.00*2480.00*0*11*1234567890*20251211*1~
CAS*PR*1*155.00~
CAS*PR*2*310.00~
CAS*CO*45*155.00~
NM1*QC*1*PATIENT*JOHN*M***MI*1234567890~
NM1*82*1*PROVIDER*JANE*M***XX*1234567890~
REF*D9*PATIENT000160~
REF*1W*1234567890~
AMT*AU*620.00~
AMT*D*155.00~
AMT*F5*310.00~
SVC*HC:99213*3100.00*2480.00*UN*1~
DTM*472*D8*20251211~
CAS*CO*45*155.00~
CAS*PR*1*155.00~
CAS*PR*2*310.00~LX*161~
CLP*CLAIM000161*1*3110.00*2488.00*0*11*1234567891*20251210*1~
CAS*PR*1*155.50~
CAS*PR*2*311.00~
CAS*CO*45*155.50~
NM1*QC*1*PATIENT*JOHN*M***MI*1234567891~
NM1*82*1*PROVIDER*JANE*M***XX*1234567890~
REF*D9*PATIENT000161~
REF*1W*1234567891~
AMT*AU*622.00~
AMT*D*155.50~
AMT*F5*311.00~
SVC*HC:99213*3110.00*2488.00*UN*1~
DTM*472*D8*20251210~
CAS*CO*45*155.50~
CAS*PR*1*155.50~
CAS*PR*2*311.00~LX*162~
CLP*CLAIM000162*1*3120.00*2496.00*0*11*1234567892*20251209*1~
CAS*PR*1*156.00~
CAS*PR*2*312.00~
CAS*CO*45*156.00~
NM1*QC*1*PATIENT*JOHN*M***MI*1234567892~
NM1*82*1*PROVIDER*JANE*M***XX*1234567890~
REF*D9*PATIENT000162~
REF*1W*1234567892~
AMT*AU*624.00~
AMT*D*156.00~
AMT*F5*312.00~
SVC*HC:99213*3120.00*2496.00*UN*1~
DTM*472*D8*20251209~
CAS*CO*45*156.00~
CAS*PR*1*156.00~
CAS*PR*2*312.00~LX*163~
CLP*CLAIM000163*1*3130.00*2504.00*0*11*1234567893*20251208*1~
CAS*PR*1*156.50~
CAS*PR*2*313.00~
CAS*CO*45*156.50~
NM1*QC*1*PATIENT*JOHN*M***MI*1234567893~
NM1*82*1*PROVIDER*JANE*M***XX*1234567890~
REF*D9*PATIENT000163~
REF*1W*1234567893~
AMT*AU*626.00~
AMT*D*156.50~
AMT*F5*313.00~
SVC*HC:99213*3130.00*2504.00*UN*1~
DTM*472*D8*20251208~
CAS*CO*45*156.50~
CAS*PR*1*156.50~
CAS*PR*2*313.00~LX*164~
CLP*CLAIM000164*1*3140.00*2512.00*0*11*1234567894*20251207*1~
CAS*PR*1*157.00~
CAS*PR*2*314.00~
CAS*CO*45*157.00~
NM1*QC*1*PATIENT*JOHN*M***MI*1234567894~
NM1*82*1*PROVIDER*JANE*M***XX*1234567890~
REF*D9*PATIENT000164~
REF*1W*1234567894~
AMT*AU*628.00~
AMT*D*157.00~
AMT*F5*314.00~
SVC*HC:99213*3140.00*2512.00*UN*1~
DTM*472*D8*20251207~
CAS*CO*45*157.00~
CAS*PR*1*157.00~
CAS*PR*2*314.00~LX*165~
CLP*CLAIM000165*1*3150.00*2520.00*0*11*1234567895*20251206*1~
CAS*PR*1*157.50~
CAS*PR*2*315.00~
CAS*CO*45*157.50~
NM1*QC*1*PATIENT*JOHN*M***MI*1234567895~
NM1*82*1*PROVIDER*JANE*M***XX*1234567890~
REF*D9*PATIENT000165~
REF*1W*1234567895~
AMT*AU*630.00~
AMT*D*157.50~
AMT*F5*315.00~
SVC*HC:99213*3150.00*2520.00*UN*1~
DTM*472*D8*20251206~
CAS*CO*45*157.50~
CAS*PR*1*157.50~
CAS*PR*2*315.00~LX*166~
CLP*CLAIM000166*1*3160.00*2528.00*0*11*1234567896*20251205*1~
CAS*PR*1*158.00~
CAS*PR*2*316.00~
CAS*CO*45*158.00~
NM1*QC*1*PATIENT*JOHN*M***MI*1234567896~
NM1*82*1*PROVIDER*JANE*M***XX*1234567890~
REF*D9*PATIENT000166~
REF*1W*1234567896~
AMT*AU*632.00~
AMT*D*158.00~
AMT*F5*316.00~
SVC*HC:99213*3160.00*2528.00*UN*1~
DTM*472*D8*20251205~
CAS*CO*45*158.00~
CAS*PR*1*158.00~
CAS*PR*2*316.00~LX*167~
CLP*CLAIM000167*1*3170.00*2536.00*0*11*1234567897*20251204*1~
CAS*PR*1*158.50~
CAS*PR*2*317.00~
CAS*CO*45*158.50~
NM1*QC*1*PATIENT*JOHN*M***MI*1234567897~
NM1*82*1*PROVIDER*JANE*M***XX*1234567890~
REF*D9*PATIENT000167~
REF*1W*1234567897~
AMT*AU*634.00~
AMT*D*158.50~
AMT*F5*317.00~
SVC*HC:99213*3170.00*2536.00*UN*1~
DTM*472*D8*20251204~
CAS*CO*45*158.50~
CAS*PR*1*158.50~
CAS*PR*2*317.00~LX*168~
CLP*CLAIM000168*1*3180.00*2544.00*0*11*1234567898*20251203*1~
CAS*PR*1*159.00~
CAS*PR*2*318.00~
CAS*CO*45*159.00~
NM1*QC*1*PATIENT*JOHN*M***MI*1234567898~
NM1*82*1*PROVIDER*JANE*M***XX*1234567890~
REF*D9*PATIENT000168~
REF*1W*1234567898~
AMT*AU*636.00~
AMT*D*159.00~
AMT*F5*318.00~
SVC*HC:99213*3180.00*2544.00*UN*1~
DTM*472*D8*20251203~
CAS*CO*45*159.00~
CAS*PR*1*159.00~
CAS*PR*2*318.00~LX*169~
CLP*CLAIM000169*1*3190.00*2552.00*0*11*1234567899*20251202*1~
CAS*PR*1*159.50~
CAS*PR*2*319.00~
CAS*CO*45*159.50~
NM1*QC*1*PATIENT*JOHN*M***MI*1234567899~
NM1*82*1*PROVIDER*JANE*M***XX*1234567890~
REF*D9*PATIENT000169~
REF*1W*1234567899~
AMT*AU*638.00~
AMT*D*159.50~
AMT*F5*319.00~
SVC*HC:99213*3190.00*2552.00*UN*1~
DTM*472*D8*20251202~
CAS*CO*45*159.50~
CAS*PR*1*159.50~
CAS*PR*2*319.00~LX*170~
CLP*CLAIM000170*1*3200.00*2560.00*0*11*1234567890*20251201*1~
CAS*PR*1*160.00~
CAS*PR*2*320.00~
CAS*CO*45*160.00~
NM1*QC*1*PATIENT*JOHN*M***MI*1234567890~
NM1*82*1*PROVIDER*JANE*M***XX*1234567890~
REF*D9*PATIENT000170~
REF*1W*1234567890~
AMT*AU*640.00~
AMT*D*160.00~
AMT*F5*320.00~
SVC*HC:99213*3200.00*2560.00*UN*1~
DTM*472*D8*20251201~
CAS*CO*45*160.00~
CAS*PR*1*160.00~
CAS*PR*2*320.00~LX*171~
CLP*CLAIM000171*1*3210.00*2568.00*0*11*1234567891*20251130*1~
CAS*PR*1*160.50~
CAS*PR*2*321.00~
CAS*CO*45*160.50~
NM1*QC*1*PATIENT*JOHN*M***MI*1234567891~
NM1*82*1*PROVIDER*JANE*M***XX*1234567890~
REF*D9*PATIENT000171~
REF*1W*1234567891~
AMT*AU*642.00~
AMT*D*160.50~
AMT*F5*321.00~
SVC*HC:99213*3210.00*2568.00*UN*1~
DTM*472*D8*20251130~
CAS*CO*45*160.50~
CAS*PR*1*160.50~
CAS*PR*2*321.00~LX*172~
CLP*CLAIM000172*1*3220.00*2576.00*0*11*1234567892*20251129*1~
CAS*PR*1*161.00~
CAS*PR*2*322.00~
CAS*CO*45*161.00~
NM1*QC*1*PATIENT*JOHN*M***MI*1234567892~
NM1*82*1*PROVIDER*JANE*M***XX*1234567890~
REF*D9*PATIENT000172~
REF*1W*1234567892~
AMT*AU*644.00~
AMT*D*161.00~
AMT*F5*322.00~
SVC*HC:99213*3220.00*2576.00*UN*1~
DTM*472*D8*20251129~
CAS*CO*45*161.00~
CAS*PR*1*161.00~
CAS*PR*2*322.00~LX*173~
CLP*CLAIM000173*1*3230.00*2584.00*0*11*1234567893*20251128*1~
CAS*PR*1*161.50~
CAS*PR*2*323.00~
CAS*CO*45*161.50~
NM1*QC*1*PATIENT*JOHN*M***MI*1234567893~
NM1*82*1*PROVIDER*JANE*M***XX*1234567890~
REF*D9*PATIENT000173~
REF*1W*1234567893~
AMT*AU*646.00~
AMT*D*161.50~
AMT*F5*323.00~
SVC*HC:99213*3230.00*2584.00*UN*1~
DTM*472*D8*20251128~
CAS*CO*45*161.50~
CAS*PR*1*161.50~
CAS*PR*2*323.00~LX*174~
CLP*CLAIM000174*1*3240.00*2592.00*0*11*1234567894*20251127*1~
CAS*PR*1*162.00~
CAS*PR*2*324.00~
CAS*CO*45*162.00~
NM1*QC*1*PATIENT*JOHN*M***MI*1234567894~
NM1*82*1*PROVIDER*JANE*M***XX*1234567890~
REF*D9*PATIENT000174~
REF*1W*1234567894~
AMT*AU*648.00~
AMT*D*162.00~
AMT*F5*324.00~
SVC*HC:99213*3240.00*2592.00*UN*1~
DTM*472*D8*20251127~
CAS*CO*45*162.00~
CAS*PR*1*162.00~
CAS*PR*2*324.00~LX*175~
CLP*CLAIM000175*1*3250.00*2600.00*0*11*1234567895*20251126*1~
CAS*PR*1*162.50~
CAS*PR*2*325.00~
CAS*CO*45*162.50~
NM1*QC*1*PATIENT*JOHN*M***MI*1234567895~
NM1*82*1*PROVIDER*JANE*M***XX*1234567890~
REF*D9*PATIENT000175~
REF*1W*1234567895~
AMT*AU*650.00~
AMT*D*162.50~
AMT*F5*325.00~
SVC*HC:99213*3250.00*2600.00*UN*1~
DTM*472*D8*20251126~
CAS*CO*45*162.50~
CAS*PR*1*162.50~
CAS*PR*2*325.00~LX*176~
CLP*CLAIM000176*1*3260.00*2608.00*0*11*1234567896*20251125*1~
CAS*PR*1*163.00~
CAS*PR*2*326.00~
CAS*CO*45*163.00~
NM1*QC*1*PATIENT*JOHN*M***MI*1234567896~
NM1*82*1*PROVIDER*JANE*M***XX*1234567890~
REF*D9*PATIENT000176~
REF*1W*1234567896~
AMT*AU*652.00~
AMT*D*163.00~
AMT*F5*326.00~
SVC*HC:99213*3260.00*2608.00*UN*1~
DTM*472*D8*20251125~
CAS*CO*45*163.00~
CAS*PR*1*163.00~
CAS*PR*2*326.00~LX*177~
CLP*CLAIM000177*1*3270.00*2616.00*0*11*1234567897*20251124*1~
CAS*PR*1*163.50~
CAS*PR*2*327.00~
CAS*CO*45*163.50~
NM1*QC*1*PATIENT*JOHN*M***MI*1234567897~
NM1*82*1*PROVIDER*JANE*M***XX*1234567890~
REF*D9*PATIENT000177~
REF*1W*1234567897~
AMT*AU*654.00~
AMT*D*163.50~
AMT*F5*327.00~
SVC*HC:99213*3270.00*2616.00*UN*1~
DTM*472*D8*20251124~
CAS*CO*45*163.50~
CAS*PR*1*163.50~
CAS*PR*2*327.00~LX*178~
CLP*CLAIM000178*1*3280.00*2624.00*0*11*1234567898*20251123*1~
CAS*PR*1*164.00~
CAS*PR*2*328.00~
CAS*CO*45*164.00~
NM1*QC*1*PATIENT*JOHN*M***MI*1234567898~
NM1*82*1*PROVIDER*JANE*M***XX*1234567890~
REF*D9*PATIENT000178~
REF*1W*1234567898~
AMT*AU*656.00~
AMT*D*164.00~
AMT*F5*328.00~
SVC*HC:99213*3280.00*2624.00*UN*1~
DTM*472*D8*20251123~
CAS*CO*45*164.00~
CAS*PR*1*164.00~
CAS*PR*2*328.00~LX*179~
CLP*CLAIM000179*1*3290.00*2632.00*0*11*1234567899*20251122*1~
CAS*PR*1*164.50~
CAS*PR*2*329.00~
CAS*CO*45*164.50~
NM1*QC*1*PATIENT*JOHN*M***MI*1234567899~
NM1*82*1*PROVIDER*JANE*M***XX*1234567890~
REF*D9*PATIENT000179~
REF*1W*1234567899~
AMT*AU*658.00~
AMT*D*164.50~
AMT*F5*329.00~
SVC*HC:99213*3290.00*2632.00*UN*1~
DTM*472*D8*20251122~
CAS*CO*45*164.50~
CAS*PR*1*164.50~
CAS*PR*2*329.00~LX*180~
CLP*CLAIM000180*1*3300.00*2640.00*0*11*1234567890*20251221*1~
CAS*PR*1*165.00~
CAS*PR*2*330.00~
CAS*CO*45*165.00~
NM1*QC*1*PATIENT*JOHN*M***MI*1234567890~
NM1*82*1*PROVIDER*JANE*M***XX*1234567890~
REF*D9*PATIENT000180~
REF*1W*1234567890~
AMT*AU*660.00~
AMT*D*165.00~
AMT*F5*330.00~
SVC*HC:99213*3300.00*2640.00*UN*1~
DTM*472*D8*20251221~
CAS*CO*45*165.00~
CAS*PR*1*165.00~
CAS*PR*2*330.00~LX*181~
CLP*CLAIM000181*1*3310.00*2648.00*0*11*1234567891*20251220*1~
CAS*PR*1*165.50~
CAS*PR*2*331.00~
CAS*CO*45*165.50~
NM1*QC*1*PATIENT*JOHN*M***MI*1234567891~
NM1*82*1*PROVIDER*JANE*M***XX*1234567890~
REF*D9*PATIENT000181~
REF*1W*1234567891~
AMT*AU*662.00~
AMT*D*165.50~
AMT*F5*331.00~
SVC*HC:99213*3310.00*2648.00*UN*1~
DTM*472*D8*20251220~
CAS*CO*45*165.50~
CAS*PR*1*165.50~
CAS*PR*2*331.00~LX*182~
CLP*CLAIM000182*1*3320.00*2656.00*0*11*1234567892*20251219*1~
CAS*PR*1*166.00~
CAS*PR*2*332.00~
CAS*CO*45*166.00~
NM1*QC*1*PATIENT*JOHN*M***MI*1234567892~
NM1*82*1*PROVIDER*JANE*M***XX*1234567890~
REF*D9*PATIENT000182~
REF*1W*1234567892~
AMT*AU*664.00~
AMT*D*166.00~
AMT*F5*332.00~
SVC*HC:99213*3320.00*2656.00*UN*1~
DTM*472*D8*20251219~
CAS*CO*45*166.00~
CAS*PR*1*166.00~
CAS*PR*2*332.00~LX*183~
CLP*CLAIM000183*1*3330.00*2664.00*0*11*1234567893*20251218*1~
CAS*PR*1*166.50~
CAS*PR*2*333.00~
CAS*CO*45*166.50~
NM1*QC*1*PATIENT*JOHN*M***MI*1234567893~
NM1*82*1*PROVIDER*JANE*M***XX*1234567890~
REF*D9*PATIENT000183~
REF*1W*1234567893~
AMT*AU*666.00~
AMT*D*166.50~
AMT*F5*333.00~
SVC*HC:99213*3330.00*2664.00*UN*1~
DTM*472*D8*20251218~
CAS*CO*45*166.50~
CAS*PR*1*166.50~
CAS*PR*2*333.00~LX*184~
CLP*CLAIM000184*1*3340.00*2672.00*0*11*1234567894*20251217*1~
CAS*PR*1*167.00~
CAS*PR*2*334.00~
CAS*CO*45*167.00~
NM1*QC*1*PATIENT*JOHN*M***MI*1234567894~
NM1*82*1*PROVIDER*JANE*M***XX*1234567890~
REF*D9*PATIENT000184~
REF*1W*1234567894~
AMT*AU*668.00~
AMT*D*167.00~
AMT*F5*334.00~
SVC*HC:99213*3340.00*2672.00*UN*1~
DTM*472*D8*20251217~
CAS*CO*45*167.00~
CAS*PR*1*167.00~
CAS*PR*2*334.00~LX*185~
CLP*CLAIM000185*1*3350.00*2680.00*0*11*1234567895*20251216*1~
CAS*PR*1*167.50~
CAS*PR*2*335.00~
CAS*CO*45*167.50~
NM1*QC*1*PATIENT*JOHN*M***MI*1234567895~
NM1*82*1*PROVIDER*JANE*M***XX*1234567890~
REF*D9*PATIENT000185~
REF*1W*1234567895~
AMT*AU*670.00~
AMT*D*167.50~
AMT*F5*335.00~
SVC*HC:99213*3350.00*2680.00*UN*1~
DTM*472*D8*20251216~
CAS*CO*45*167.50~
CAS*PR*1*167.50~
CAS*PR*2*335.00~LX*186~
CLP*CLAIM000186*1*3360.00*2688.00*0*11*1234567896*20251215*1~
CAS*PR*1*168.00~
CAS*PR*2*336.00~
CAS*CO*45*168.00~
NM1*QC*1*PATIENT*JOHN*M***MI*1234567896~
NM1*82*1*PROVIDER*JANE*M***XX*1234567890~
REF*D9*PATIENT000186~
REF*1W*1234567896~
AMT*AU*672.00~
AMT*D*168.00~
AMT*F5*336.00~
SVC*HC:99213*3360.00*2688.00*UN*1~
DTM*472*D8*20251215~
CAS*CO*45*168.00~
CAS*PR*1*168.00~
CAS*PR*2*336.00~LX*187~
CLP*CLAIM000187*1*3370.00*2696.00*0*11*1234567897*20251214*1~
CAS*PR*1*168.50~
CAS*PR*2*337.00~
CAS*CO*45*168.50~
NM1*QC*1*PATIENT*JOHN*M***MI*1234567897~
NM1*82*1*PROVIDER*JANE*M***XX*1234567890~
REF*D9*PATIENT000187~
REF*1W*1234567897~
AMT*AU*674.00~
AMT*D*168.50~
AMT*F5*337.00~
SVC*HC:99213*3370.00*2696.00*UN*1~
DTM*472*D8*20251214~
CAS*CO*45*168.50~
CAS*PR*1*168.50~
CAS*PR*2*337.00~LX*188~
CLP*CLAIM000188*1*3380.00*2704.00*0*11*1234567898*20251213*1~
CAS*PR*1*169.00~
CAS*PR*2*338.00~
CAS*CO*45*169.00~
NM1*QC*1*PATIENT*JOHN*M***MI*1234567898~
NM1*82*1*PROVIDER*JANE*M***XX*1234567890~
REF*D9*PATIENT000188~
REF*1W*1234567898~
AMT*AU*676.00~
AMT*D*169.00~
AMT*F5*338.00~
SVC*HC:99213*3380.00*2704.00*UN*1~
DTM*472*D8*20251213~
CAS*CO*45*169.00~
CAS*PR*1*169.00~
CAS*PR*2*338.00~LX*189~
CLP*CLAIM000189*1*3390.00*2712.00*0*11*1234567899*20251212*1~
CAS*PR*1*169.50~
CAS*PR*2*339.00~
CAS*CO*45*169.50~
NM1*QC*1*PATIENT*JOHN*M***MI*1234567899~
NM1*82*1*PROVIDER*JANE*M***XX*1234567890~
REF*D9*PATIENT000189~
REF*1W*1234567899~
AMT*AU*678.00~
AMT*D*169.50~
AMT*F5*339.00~
SVC*HC:99213*3390.00*2712.00*UN*1~
DTM*472*D8*20251212~
CAS*CO*45*169.50~
CAS*PR*1*169.50~
CAS*PR*2*339.00~LX*190~
CLP*CLAIM000190*1*3400.00*2720.00*0*11*1234567890*20251211*1~
CAS*PR*1*170.00~
CAS*PR*2*340.00~
CAS*CO*45*170.00~
NM1*QC*1*PATIENT*JOHN*M***MI*1234567890~
NM1*82*1*PROVIDER*JANE*M***XX*1234567890~
REF*D9*PATIENT000190~
REF*1W*1234567890~
AMT*AU*680.00~
AMT*D*170.00~
AMT*F5*340.00~
SVC*HC:99213*3400.00*2720.00*UN*1~
DTM*472*D8*20251211~
CAS*CO*45*170.00~
CAS*PR*1*170.00~
CAS*PR*2*340.00~LX*191~
CLP*CLAIM000191*1*3410.00*2728.00*0*11*1234567891*20251210*1~
CAS*PR*1*170.50~
CAS*PR*2*341.00~
CAS*CO*45*170.50~
NM1*QC*1*PATIENT*JOHN*M***MI*1234567891~
NM1*82*1*PROVIDER*JANE*M***XX*1234567890~
REF*D9*PATIENT000191~
REF*1W*1234567891~
AMT*AU*682.00~
AMT*D*170.50~
AMT*F5*341.00~
SVC*HC:99213*3410.00*2728.00*UN*1~
DTM*472*D8*20251210~
CAS*CO*45*170.50~
CAS*PR*1*170.50~
CAS*PR*2*341.00~LX*192~
CLP*CLAIM000192*1*3420.00*2736.00*0*11*1234567892*20251209*1~
CAS*PR*1*171.00~
CAS*PR*2*342.00~
CAS*CO*45*171.00~
NM1*QC*1*PATIENT*JOHN*M***MI*1234567892~
NM1*82*1*PROVIDER*JANE*M***XX*1234567890~
REF*D9*PATIENT000192~
REF*1W*1234567892~
AMT*AU*684.00~
AMT*D*171.00~
AMT*F5*342.00~
SVC*HC:99213*3420.00*2736.00*UN*1~
DTM*472*D8*20251209~
CAS*CO*45*171.00~
CAS*PR*1*171.00~
CAS*PR*2*342.00~LX*193~
CLP*CLAIM000193*1*3430.00*2744.00*0*11*1234567893*20251208*1~
CAS*PR*1*171.50~
CAS*PR*2*343.00~
CAS*CO*45*171.50~
NM1*QC*1*PATIENT*JOHN*M***MI*1234567893~
NM1*82*1*PROVIDER*JANE*M***XX*1234567890~
REF*D9*PATIENT000193~
REF*1W*1234567893~
AMT*AU*686.00~
AMT*D*171.50~
AMT*F5*343.00~
SVC*HC:99213*3430.00*2744.00*UN*1~
DTM*472*D8*20251208~
CAS*CO*45*171.50~
CAS*PR*1*171.50~
CAS*PR*2*343.00~LX*194~
CLP*CLAIM000194*1*3440.00*2752.00*0*11*1234567894*20251207*1~
CAS*PR*1*172.00~
CAS*PR*2*344.00~
CAS*CO*45*172.00~
NM1*QC*1*PATIENT*JOHN*M***MI*1234567894~
NM1*82*1*PROVIDER*JANE*M***XX*1234567890~
REF*D9*PATIENT000194~
REF*1W*1234567894~
AMT*AU*688.00~
AMT*D*172.00~
AMT*F5*344.00~
SVC*HC:99213*3440.00*2752.00*UN*1~
DTM*472*D8*20251207~
CAS*CO*45*172.00~
CAS*PR*1*172.00~
CAS*PR*2*344.00~LX*195~
CLP*CLAIM000195*1*3450.00*2760.00*0*11*1234567895*20251206*1~
CAS*PR*1*172.50~
CAS*PR*2*345.00~
CAS*CO*45*172.50~
NM1*QC*1*PATIENT*JOHN*M***MI*1234567895~
NM1*82*1*PROVIDER*JANE*M***XX*1234567890~
REF*D9*PATIENT000195~
REF*1W*1234567895~
AMT*AU*690.00~
AMT*D*172.50~
AMT*F5*345.00~
SVC*HC:99213*3450.00*2760.00*UN*1~
DTM*472*D8*20251206~
CAS*CO*45*172.50~
CAS*PR*1*172.50~
CAS*PR*2*345.00~LX*196~
CLP*CLAIM000196*1*3460.00*2768.00*0*11*1234567896*20251205*1~
CAS*PR*1*173.00~
CAS*PR*2*346.00~
CAS*CO*45*173.00~
NM1*QC*1*PATIENT*JOHN*M***MI*1234567896~
NM1*82*1*PROVIDER*JANE*M***XX*1234567890~
REF*D9*PATIENT000196~
REF*1W*1234567896~
AMT*AU*692.00~
AMT*D*173.00~
AMT*F5*346.00~
SVC*HC:99213*3460.00*2768.00*UN*1~
DTM*472*D8*20251205~
CAS*CO*45*173.00~
CAS*PR*1*173.00~
CAS*PR*2*346.00~LX*197~
CLP*CLAIM000197*1*3470.00*2776.00*0*11*1234567897*20251204*1~
CAS*PR*1*173.50~
CAS*PR*2*347.00~
CAS*CO*45*173.50~
NM1*QC*1*PATIENT*JOHN*M***MI*1234567897~
NM1*82*1*PROVIDER*JANE*M***XX*1234567890~
REF*D9*PATIENT000197~
REF*1W*1234567897~
AMT*AU*694.00~
AMT*D*173.50~
AMT*F5*347.00~
SVC*HC:99213*3470.00*2776.00*UN*1~
DTM*472*D8*20251204~
CAS*CO*45*173.50~
CAS*PR*1*173.50~
CAS*PR*2*347.00~LX*198~
CLP*CLAIM000198*1*3480.00*2784.00*0*11*1234567898*20251203*1~
CAS*PR*1*174.00~
CAS*PR*2*348.00~
CAS*CO*45*174.00~
NM1*QC*1*PATIENT*JOHN*M***MI*1234567898~
NM1*82*1*PROVIDER*JANE*M***XX*1234567890~
REF*D9*PATIENT000198~
REF*1W*1234567898~
AMT*AU*696.00~
AMT*D*174.00~
AMT*F5*348.00~
SVC*HC:99213*3480.00*2784.00*UN*1~
DTM*472*D8*20251203~
CAS*CO*45*174.00~
CAS*PR*1*174.00~
CAS*PR*2*348.00~LX*199~
CLP*CLAIM000199*1*3490.00*2792.00*0*11*1234567899*20251202*1~
CAS*PR*1*174.50~
CAS*PR*2*349.00~
CAS*CO*45*174.50~
NM1*QC*1*PATIENT*JOHN*M***MI*1234567899~
NM1*82*1*PROVIDER*JANE*M***XX*1234567890~
REF*D9*PATIENT000199~
REF*1W*1234567899~
AMT*AU*698.00~
AMT*D*174.50~
AMT*F5*349.00~
SVC*HC:99213*3490.00*2792.00*UN*1~
DTM*472*D8*20251202~
CAS*CO*45*174.50~
CAS*PR*1*174.50~
CAS*PR*2*349.00~LX*200~
CLP*CLAIM000200*1*3500.00*2800.00*0*11*1234567890*20251201*1~
CAS*PR*1*175.00~
CAS*PR*2*350.00~
CAS*CO*45*175.00~
NM1*QC*1*PATIENT*JOHN*M***MI*1234567890~
NM1*82*1*PROVIDER*JANE*M***XX*1234567890~
REF*D9*PATIENT000200~
REF*1W*1234567890~
AMT*AU*700.00~
AMT*D*175.00~
AMT*F5*350.00~
SVC*HC:99213*3500.00*2800.00*UN*1~
DTM*472*D8*20251201~
CAS*CO*45*175.00~
CAS*PR*1*175.00~
CAS*PR*2*350.00~LX*201~
CLP*CLAIM000201*1*3510.00*2808.00*0*11*1234567891*20251130*1~
CAS*PR*1*175.50~
CAS*PR*2*351.00~
CAS*CO*45*175.50~
NM1*QC*1*PATIENT*JOHN*M***MI*1234567891~
NM1*82*1*PROVIDER*JANE*M***XX*1234567890~
REF*D9*PATIENT000201~
REF*1W*1234567891~
AMT*AU*702.00~
AMT*D*175.50~
AMT*F5*351.00~
SVC*HC:99213*3510.00*2808.00*UN*1~
DTM*472*D8*20251130~
CAS*CO*45*175.50~
CAS*PR*1*175.50~
CAS*PR*2*351.00~LX*202~
CLP*CLAIM000202*1*3520.00*2816.00*0*11*1234567892*20251129*1~
CAS*PR*1*176.00~
CAS*PR*2*352.00~
CAS*CO*45*176.00~
NM1*QC*1*PATIENT*JOHN*M***MI*1234567892~
NM1*82*1*PROVIDER*JANE*M***XX*1234567890~
REF*D9*PATIENT000202~
REF*1W*1234567892~
AMT*AU*704.00~
AMT*D*176.00~
AMT*F5*352.00~
SVC*HC:99213*3520.00*2816.00*UN*1~
DTM*472*D8*20251129~
CAS*CO*45*176.00~
CAS*PR*1*176.00~
CAS*PR*2*352.00~LX*203~
CLP*CLAIM000203*1*3530.00*2824.00*0*11*1234567893*20251128*1~
CAS*PR*1*176.50~
CAS*PR*2*353.00~
CAS*CO*45*176.50~
NM1*QC*1*PATIENT*JOHN*M***MI*1234567893~
NM1*82*1*PROVIDER*JANE*M***XX*1234567890~
REF*D9*PATIENT000203~
REF*1W*1234567893~
AMT*AU*706.00~
AMT*D*176.50~
AMT*F5*353.00~
SVC*HC:99213*3530.00*2824.00*UN*1~
DTM*472*D8*20251128~
CAS*CO*45*176.50~
CAS*PR*1*176.50~
CAS*PR*2*353.00~LX*204~
CLP*CLAIM000204*1*3540.00*2832.00*0*11*1234567894*20251127*1~
CAS*PR*1*177.00~
CAS*PR*2*354.00~
CAS*CO*45*177.00~
NM1*QC*1*PATIENT*JOHN*M***MI*1234567894~
NM1*82*1*PROVIDER*JANE*M***XX*1234567890~
REF*D9*PATIENT000204~
REF*1W*1234567894~
AMT*AU*708.00~
AMT*D*177.00~
AMT*F5*354.00~
SVC*HC:99213*3540.00*2832.00*UN*1~
DTM*472*D8*20251127~
CAS*CO*45*177.00~
CAS*PR*1*177.00~
CAS*PR*2*354.00~LX*205~
CLP*CLAIM000205*1*3550.00*2840.00*0*11*1234567895*20251126*1~
CAS*PR*1*177.50~
CAS*PR*2*355.00~
CAS*CO*45*177.50~
NM1*QC*1*PATIENT*JOHN*M***MI*1234567895~
NM1*82*1*PROVIDER*JANE*M***XX*1234567890~
REF*D9*PATIENT000205~
REF*1W*1234567895~
AMT*AU*710.00~
AMT*D*177.50~
AMT*F5*355.00~
SVC*HC:99213*3550.00*2840.00*UN*1~
DTM*472*D8*20251126~
CAS*CO*45*177.50~
CAS*PR*1*177.50~
CAS*PR*2*355.00~LX*206~
CLP*CLAIM000206*1*3560.00*2848.00*0*11*1234567896*20251125*1~
CAS*PR*1*178.00~
CAS*PR*2*356.00~
CAS*CO*45*178.00~
NM1*QC*1*PATIENT*JOHN*M***MI*1234567896~
NM1*82*1*PROVIDER*JANE*M***XX*1234567890~
REF*D9*PATIENT000206~
REF*1W*1234567896~
AMT*AU*712.00~
AMT*D*178.00~
AMT*F5*356.00~
SVC*HC:99213*3560.00*2848.00*UN*1~
DTM*472*D8*20251125~
CAS*CO*45*178.00~
CAS*PR*1*178.00~
CAS*PR*2*356.00~LX*207~
CLP*CLAIM000207*1*3570.00*2856.00*0*11*1234567897*20251124*1~
CAS*PR*1*178.50~
CAS*PR*2*357.00~
CAS*CO*45*178.50~
NM1*QC*1*PATIENT*JOHN*M***MI*1234567897~
NM1*82*1*PROVIDER*JANE*M***XX*1234567890~
REF*D9*PATIENT000207~
REF*1W*1234567897~
AMT*AU*714.00~
AMT*D*178.50~
AMT*F5*357.00~
SVC*HC:99213*3570.00*2856.00*UN*1~
DTM*472*D8*20251124~
CAS*CO*45*178.50~
CAS*PR*1*178.50~
CAS*PR*2*357.00~LX*208~
CLP*CLAIM000208*1*3580.00*2864.00*0*11*1234567898*20251123*1~
CAS*PR*1*179.00~
CAS*PR*2*358.00~
CAS*CO*45*179.00~
NM1*QC*1*PATIENT*JOHN*M***MI*1234567898~
NM1*82*1*PROVIDER*JANE*M***XX*1234567890~
REF*D9*PATIENT000208~
REF*1W*1234567898~
AMT*AU*716.00~
AMT*D*179.00~
AMT*F5*358.00~
SVC*HC:99213*3580.00*2864.00*UN*1~
DTM*472*D8*20251123~
CAS*CO*45*179.00~
CAS*PR*1*179.00~
CAS*PR*2*358.00~LX*209~
CLP*CLAIM000209*1*3590.00*2872.00*0*11*1234567899*20251122*1~
CAS*PR*1*179.50~
CAS*PR*2*359.00~
CAS*CO*45*179.50~
NM1*QC*1*PATIENT*JOHN*M***MI*1234567899~
NM1*82*1*PROVIDER*JANE*M***XX*1234567890~
REF*D9*PATIENT000209~
REF*1W*1234567899~
AMT*AU*718.00~
AMT*D*179.50~
AMT*F5*359.00~
SVC*HC:99213*3590.00*2872.00*UN*1~
DTM*472*D8*20251122~
CAS*CO*45*179.50~
CAS*PR*1*179.50~
CAS*PR*2*359.00~LX*210~
CLP*CLAIM000210*1*3600.00*2880.00*0*11*1234567890*20251221*1~
CAS*PR*1*180.00~
CAS*PR*2*360.00~
CAS*CO*45*180.00~
NM1*QC*1*PATIENT*JOHN*M***MI*1234567890~
NM1*82*1*PROVIDER*JANE*M***XX*1234567890~
REF*D9*PATIENT000210~
REF*1W*1234567890~
AMT*AU*720.00~
AMT*D*180.00~
AMT*F5*360.00~
SVC*HC:99213*3600.00*2880.00*UN*1~
DTM*472*D8*20251221~
CAS*CO*45*180.00~
CAS*PR*1*180.00~
CAS*PR*2*360.00~LX*211~
CLP*CLAIM000211*1*3610.00*2888.00*0*11*1234567891*20251220*1~
CAS*PR*1*180.50~
CAS*PR*2*361.00~
CAS*CO*45*180.50~
NM1*QC*1*PATIENT*JOHN*M***MI*1234567891~
NM1*82*1*PROVIDER*JANE*M***XX*1234567890~
REF*D9*PATIENT000211~
REF*1W*1234567891~
AMT*AU*722.00~
AMT*D*180.50~
AMT*F5*361.00~
SVC*HC:99213*3610.00*2888.00*UN*1~
DTM*472*D8*20251220~
CAS*CO*45*180.50~
CAS*PR*1*180.50~
CAS*PR*2*361.00~LX*212~
CLP*CLAIM000212*1*3620.00*2896.00*0*11*1234567892*20251219*1~
CAS*PR*1*181.00~
CAS*PR*2*362.00~
CAS*CO*45*181.00~
NM1*QC*1*PATIENT*JOHN*M***MI*1234567892~
NM1*82*1*PROVIDER*JANE*M***XX*1234567890~
REF*D9*PATIENT000212~
REF*1W*1234567892~
AMT*AU*724.00~
AMT*D*181.00~
AMT*F5*362.00~
SVC*HC:99213*3620.00*2896.00*UN*1~
DTM*472*D8*20251219~
CAS*CO*45*181.00~
CAS*PR*1*181.00~
CAS*PR*2*362.00~LX*213~
CLP*CLAIM000213*1*3630.00*2904.00*0*11*1234567893*20251218*1~
CAS*PR*1*181.50~
CAS*PR*2*363.00~
CAS*CO*45*181.50~
NM1*QC*1*PATIENT*JOHN*M***MI*1234567893~
NM1*82*1*PROVIDER*JANE*M***XX*1234567890~
REF*D9*PATIENT000213~
REF*1W*1234567893~
AMT*AU*726.00~
AMT*D*181.50~
AMT*F5*363.00~
SVC*HC:99213*3630.00*2904.00*UN*1~
DTM*472*D8*20251218~
CAS*CO*45*181.50~
CAS*PR*1*181.50~
CAS*PR*2*363.00~LX*214~
CLP*CLAIM000214*1*3640.00*2912.00*0*11*1234567894*20251217*1~
CAS*PR*1*182.00~
CAS*PR*2*364.00~
CAS*CO*45*182.00~
NM1*QC*1*PATIENT*JOHN*M***MI*1234567894~
NM1*82*1*PROVIDER*JANE*M***XX*1234567890~
REF*D9*PATIENT000214~
REF*1W*1234567894~
AMT*AU*728.00~
AMT*D*182.00~
AMT*F5*364.00~
SVC*HC:99213*3640.00*2912.00*UN*1~
DTM*472*D8*20251217~
CAS*CO*45*182.00~
CAS*PR*1*182.00~
CAS*PR*2*364.00~LX*215~
CLP*CLAIM000215*1*3650.00*2920.00*0*11*1234567895*20251216*1~
CAS*PR*1*182.50~
CAS*PR*2*365.00~
CAS*CO*45*182.50~
NM1*QC*1*PATIENT*JOHN*M***MI*1234567895~
NM1*82*1*PROVIDER*JANE*M***XX*1234567890~
REF*D9*PATIENT000215~
REF*1W*1234567895~
AMT*AU*730.00~
AMT*D*182.50~
AMT*F5*365.00~
SVC*HC:99213*3650.00*2920.00*UN*1~
DTM*472*D8*20251216~
CAS*CO*45*182.50~
CAS*PR*1*182.50~
CAS*PR*2*365.00~LX*216~
CLP*CLAIM000216*1*3660.00*2928.00*0*11*1234567896*20251215*1~
CAS*PR*1*183.00~
CAS*PR*2*366.00~
CAS*CO*45*183.00~
NM1*QC*1*PATIENT*JOHN*M***MI*1234567896~
NM1*82*1*PROVIDER*JANE*M***XX*1234567890~
REF*D9*PATIENT000216~
REF*1W*1234567896~
AMT*AU*732.00~
AMT*D*183.00~
AMT*F5*366.00~
SVC*HC:99213*3660.00*2928.00*UN*1~
DTM*472*D8*20251215~
CAS*CO*45*183.00~
CAS*PR*1*183.00~
CAS*PR*2*366.00~LX*217~
CLP*CLAIM000217*1*3670.00*2936.00*0*11*1234567897*20251214*1~
CAS*PR*1*183.50~
CAS*PR*2*367.00~
CAS*CO*45*183.50~
NM1*QC*1*PATIENT*JOHN*M***MI*1234567897~
NM1*82*1*PROVIDER*JANE*M***XX*1234567890~
REF*D9*PATIENT000217~
REF*1W*1234567897~
AMT*AU*734.00~
AMT*D*183.50~
AMT*F5*367.00~
SVC*HC:99213*3670.00*2936.00*UN*1~
DTM*472*D8*20251214~
CAS*CO*45*183.50~
CAS*PR*1*183.50~
CAS*PR*2*367.00~LX*218~
CLP*CLAIM000218*1*3680.00*2944.00*0*11*1234567898*20251213*1~
CAS*PR*1*184.00~
CAS*PR*2*368.00~
CAS*CO*45*184.00~
NM1*QC*1*PATIENT*JOHN*M***MI*1234567898~
NM1*82*1*PROVIDER*JANE*M***XX*1234567890~
REF*D9*PATIENT000218~
REF*1W*1234567898~
AMT*AU*736.00~
AMT*D*184.00~
AMT*F5*368.00~
SVC*HC:99213*3680.00*2944.00*UN*1~
DTM*472*D8*20251213~
CAS*CO*45*184.00~
CAS*PR*1*184.00~
CAS*PR*2*368.00~LX*219~
CLP*CLAIM000219*1*3690.00*2952.00*0*11*1234567899*20251212*1~
CAS*PR*1*184.50~
CAS*PR*2*369.00~
CAS*CO*45*184.50~
NM1*QC*1*PATIENT*JOHN*M***MI*1234567899~
NM1*82*1*PROVIDER*JANE*M***XX*1234567890~
REF*D9*PATIENT000219~
REF*1W*1234567899~
AMT*AU*738.00~
AMT*D*184.50~
AMT*F5*369.00~
SVC*HC:99213*3690.00*2952.00*UN*1~
DTM*472*D8*20251212~
CAS*CO*45*184.50~
CAS*PR*1*184.50~
CAS*PR*2*369.00~LX*220~
CLP*CLAIM000220*1*3700.00*2960.00*0*11*1234567890*20251211*1~
CAS*PR*1*185.00~
CAS*PR*2*370.00~
CAS*CO*45*185.00~
NM1*QC*1*PATIENT*JOHN*M***MI*1234567890~
NM1*82*1*PROVIDER*JANE*M***XX*1234567890~
REF*D9*PATIENT000220~
REF*1W*1234567890~
AMT*AU*740.00~
AMT*D*185.00~
AMT*F5*370.00~
SVC*HC:99213*3700.00*2960.00*UN*1~
DTM*472*D8*20251211~
CAS*CO*45*185.00~
CAS*PR*1*185.00~
CAS*PR*2*370.00~LX*221~
CLP*CLAIM000221*1*3710.00*2968.00*0*11*1234567891*20251210*1~
CAS*PR*1*185.50~
CAS*PR*2*371.00~
CAS*CO*45*185.50~
NM1*QC*1*PATIENT*JOHN*M***MI*1234567891~
NM1*82*1*PROVIDER*JANE*M***XX*1234567890~
REF*D9*PATIENT000221~
REF*1W*1234567891~
AMT*AU*742.00~
AMT*D*185.50~
AMT*F5*371.00~
SVC*HC:99213*3710.00*2968.00*UN*1~
DTM*472*D8*20251210~
CAS*CO*45*185.50~
CAS*PR*1*185.50~
CAS*PR*2*371.00~LX*222~
CLP*CLAIM000222*1*3720.00*2976.00*0*11*1234567892*20251209*1~
CAS*PR*1*186.00~
CAS*PR*2*372.00~
CAS*CO*45*186.00~
NM1*QC*1*PATIENT*JOHN*M***MI*1234567892~
NM1*82*1*PROVIDER*JANE*M***XX*1234567890~
REF*D9*PATIENT000222~
REF*1W*1234567892~
AMT*AU*744.00~
AMT*D*186.00~
AMT*F5*372.00~
SVC*HC:99213*3720.00*2976.00*UN*1~
DTM*472*D8*20251209~
CAS*CO*45*186.00~
CAS*PR*1*186.00~
CAS*PR*2*372.00~LX*223~
CLP*CLAIM000223*1*3730.00*2984.00*0*11*1234567893*20251208*1~
CAS*PR*1*186.50~
CAS*PR*2*373.00~
CAS*CO*45*186.50~
NM1*QC*1*PATIENT*JOHN*M***MI*1234567893~
NM1*82*1*PROVIDER*JANE*M***XX*1234567890~
REF*D9*PATIENT000223~
REF*1W*1234567893~
AMT*AU*746.00~
AMT*D*186.50~
AMT*F5*373.00~
SVC*HC:99213*3730.00*2984.00*UN*1~
DTM*472*D8*20251208~
CAS*CO*45*186.50~
CAS*PR*1*186.50~
CAS*PR*2*373.00~LX*224~
CLP*CLAIM000224*1*3740.00*2992.00*0*11*1234567894*20251207*1~
CAS*PR*1*187.00~
CAS*PR*2*374.00~
CAS*CO*45*187.00~
NM1*QC*1*PATIENT*JOHN*M***MI*1234567894~
NM1*82*1*PROVIDER*JANE*M***XX*1234567890~
REF*D9*PATIENT000224~
REF*1W*1234567894~
AMT*AU*748.00~
AMT*D*187.00~
AMT*F5*374.00~
SVC*HC:99213*3740.00*2992.00*UN*1~
DTM*472*D8*20251207~
CAS*CO*45*187.00~
CAS*PR*1*187.00~
CAS*PR*2*374.00~LX*225~
CLP*CLAIM000225*1*3750.00*3000.00*0*11*1234567895*20251206*1~
CAS*PR*1*187.50~
CAS*PR*2*375.00~
CAS*CO*45*187.50~
NM1*QC*1*PATIENT*JOHN*M***MI*1234567895~
NM1*82*1*PROVIDER*JANE*M***XX*1234567890~
REF*D9*PATIENT000225~
REF*1W*1234567895~
AMT*AU*750.00~
AMT*D*187.50~
AMT*F5*375.00~
SVC*HC:99213*3750.00*3000.00*UN*1~
DTM*472*D8*20251206~
CAS*CO*45*187.50~
CAS*PR*1*187.50~
CAS*PR*2*375.00~LX*226~
CLP*CLAIM000226*1*3760.00*3008.00*0*11*1234567896*20251205*1~
CAS*PR*1*188.00~
CAS*PR*2*376.00~
CAS*CO*45*188.00~
NM1*QC*1*PATIENT*JOHN*M***MI*1234567896~
NM1*82*1*PROVIDER*JANE*M***XX*1234567890~
REF*D9*PATIENT000226~
REF*1W*1234567896~
AMT*AU*752.00~
AMT*D*188.00~
AMT*F5*376.00~
SVC*HC:99213*3760.00*3008.00*UN*1~
DTM*472*D8*20251205~
CAS*CO*45*188.00~
CAS*PR*1*188.00~
CAS*PR*2*376.00~LX*227~
CLP*CLAIM000227*1*3770.00*3016.00*0*11*1234567897*20251204*1~
CAS*PR*1*188.50~
CAS*PR*2*377.00~
CAS*CO*45*188.50~
NM1*QC*1*PATIENT*JOHN*M***MI*1234567897~
NM1*82*1*PROVIDER*JANE*M***XX*1234567890~
REF*D9*PATIENT000227~
REF*1W*1234567897~
AMT*AU*754.00~
AMT*D*188.50~
AMT*F5*377.00~
SVC*HC:99213*3770.00*3016.00*UN*1~
DTM*472*D8*20251204~
CAS*CO*45*188.50~
CAS*PR*1*188.50~
CAS*PR*2*377.00~LX*228~
CLP*CLAIM000228*1*3780.00*3024.00*0*11*1234567898*20251203*1~
CAS*PR*1*189.00~
CAS*PR*2*378.00~
CAS*CO*45*189.00~
NM1*QC*1*PATIENT*JOHN*M***MI*1234567898~
NM1*82*1*PROVIDER*JANE*M***XX*1234567890~
REF*D9*PATIENT000228~
REF*1W*1234567898~
AMT*AU*756.00~
AMT*D*189.00~
AMT*F5*378.00~
SVC*HC:99213*3780.00*3024.00*UN*1~
DTM*472*D8*20251203~
CAS*CO*45*189.00~
CAS*PR*1*189.00~
CAS*PR*2*378.00~LX*229~
CLP*CLAIM000229*1*3790.00*3032.00*0*11*1234567899*20251202*1~
CAS*PR*1*189.50~
CAS*PR*2*379.00~
CAS*CO*45*189.50~
NM1*QC*1*PATIENT*JOHN*M***MI*1234567899~
NM1*82*1*PROVIDER*JANE*M***XX*1234567890~
REF*D9*PATIENT000229~
REF*1W*1234567899~
AMT*AU*758.00~
AMT*D*189.50~
AMT*F5*379.00~
SVC*HC:99213*3790.00*3032.00*UN*1~
DTM*472*D8*20251202~
CAS*CO*45*189.50~
CAS*PR*1*189.50~
CAS*PR*2*379.00~LX*230~
CLP*CLAIM000230*1*3800.00*3040.00*0*11*1234567890*20251201*1~
CAS*PR*1*190.00~
CAS*PR*2*380.00~
CAS*CO*45*190.00~
NM1*QC*1*PATIENT*JOHN*M***MI*1234567890~
NM1*82*1*PROVIDER*JANE*M***XX*1234567890~
REF*D9*PATIENT000230~
REF*1W*1234567890~
AMT*AU*760.00~
AMT*D*190.00~
AMT*F5*380.00~
SVC*HC:99213*3800.00*3040.00*UN*1~
DTM*472*D8*20251201~
CAS*CO*45*190.00~
CAS*PR*1*190.00~
CAS*PR*2*380.00~LX*231~
CLP*CLAIM000231*1*3810.00*3048.00*0*11*1234567891*20251130*1~
CAS*PR*1*190.50~
CAS*PR*2*381.00~
CAS*CO*45*190.50~
NM1*QC*1*PATIENT*JOHN*M***MI*1234567891~
NM1*82*1*PROVIDER*JANE*M***XX*1234567890~
REF*D9*PATIENT000231~
REF*1W*1234567891~
AMT*AU*762.00~
AMT*D*190.50~
AMT*F5*381.00~
SVC*HC:99213*3810.00*3048.00*UN*1~
DTM*472*D8*20251130~
CAS*CO*45*190.50~
CAS*PR*1*190.50~
CAS*PR*2*381.00~LX*232~
CLP*CLAIM000232*1*3820.00*3056.00*0*11*1234567892*20251129*1~
CAS*PR*1*191.00~
CAS*PR*2*382.00~
CAS*CO*45*191.00~
NM1*QC*1*PATIENT*JOHN*M***MI*1234567892~
NM1*82*1*PROVIDER*JANE*M***XX*1234567890~
REF*D9*PATIENT000232~
REF*1W*1234567892~
AMT*AU*764.00~
AMT*D*191.00~
AMT*F5*382.00~
SVC*HC:99213*3820.00*3056.00*UN*1~
DTM*472*D8*20251129~
CAS*CO*45*191.00~
CAS*PR*1*191.00~
CAS*PR*2*382.00~LX*233~
CLP*CLAIM000233*1*3830.00*3064.00*0*11*1234567893*20251128*1~
CAS*PR*1*191.50~
CAS*PR*2*383.00~
CAS*CO*45*191.50~
NM1*QC*1*PATIENT*JOHN*M***MI*1234567893~
NM1*82*1*PROVIDER*JANE*M***XX*1234567890~
REF*D9*PATIENT000233~
REF*1W*1234567893~
AMT*AU*766.00~
AMT*D*191.50~
AMT*F5*383.00~
SVC*HC:99213*3830.00*3064.00*UN*1~
DTM*472*D8*20251128~
CAS*CO*45*191.50~
CAS*PR*1*191.50~
CAS*PR*2*383.00~LX*234~
CLP*CLAIM000234*1*3840.00*3072.00*0*11*1234567894*20251127*1~
CAS*PR*1*192.00~
CAS*PR*2*384.00~
CAS*CO*45*192.00~
NM1*QC*1*PATIENT*JOHN*M***MI*1234567894~
NM1*82*1*PROVIDER*JANE*M***XX*1234567890~
REF*D9*PATIENT000234~
REF*1W*1234567894~
AMT*AU*768.00~
AMT*D*192.00~
AMT*F5*384.00~
SVC*HC:99213*3840.00*3072.00*UN*1~
DTM*472*D8*20251127~
CAS*CO*45*192.00~
CAS*PR*1*192.00~
CAS*PR*2*384.00~LX*235~
CLP*CLAIM000235*1*3850.00*3080.00*0*11*1234567895*20251126*1~
CAS*PR*1*192.50~
CAS*PR*2*385.00~
CAS*CO*45*192.50~
NM1*QC*1*PATIENT*JOHN*M***MI*1234567895~
NM1*82*1*PROVIDER*JANE*M***XX*1234567890~
REF*D9*PATIENT000235~
REF*1W*1234567895~
AMT*AU*770.00~
AMT*D*192.50~
AMT*F5*385.00~
SVC*HC:99213*3850.00*3080.00*UN*1~
DTM*472*D8*20251126~
CAS*CO*45*192.50~
CAS*PR*1*192.50~
CAS*PR*2*385.00~LX*236~
CLP*CLAIM000236*1*3860.00*3088.00*0*11*1234567896*20251125*1~
CAS*PR*1*193.00~
CAS*PR*2*386.00~
CAS*CO*45*193.00~
NM1*QC*1*PATIENT*JOHN*M***MI*1234567896~
NM1*82*1*PROVIDER*JANE*M***XX*1234567890~
REF*D9*PATIENT000236~
REF*1W*1234567896~
AMT*AU*772.00~
AMT*D*193.00~
AMT*F5*386.00~
SVC*HC:99213*3860.00*3088.00*UN*1~
DTM*472*D8*20251125~
CAS*CO*45*193.00~
CAS*PR*1*193.00~
CAS*PR*2*386.00~LX*237~
CLP*CLAIM000237*1*3870.00*3096.00*0*11*1234567897*20251124*1~
CAS*PR*1*193.50~
CAS*PR*2*387.00~
CAS*CO*45*193.50~
NM1*QC*1*PATIENT*JOHN*M***MI*1234567897~
NM1*82*1*PROVIDER*JANE*M***XX*1234567890~
REF*D9*PATIENT000237~
REF*1W*1234567897~
AMT*AU*774.00~
AMT*D*193.50~
AMT*F5*387.00~
SVC*HC:99213*3870.00*3096.00*UN*1~
DTM*472*D8*20251124~
CAS*CO*45*193.50~
CAS*PR*1*193.50~
CAS*PR*2*387.00~LX*238~
CLP*CLAIM000238*1*3880.00*3104.00*0*11*1234567898*20251123*1~
CAS*PR*1*194.00~
CAS*PR*2*388.00~
CAS*CO*45*194.00~
NM1*QC*1*PATIENT*JOHN*M***MI*1234567898~
NM1*82*1*PROVIDER*JANE*M***XX*1234567890~
REF*D9*PATIENT000238~
REF*1W*1234567898~
AMT*AU*776.00~
AMT*D*194.00~
AMT*F5*388.00~
SVC*HC:99213*3880.00*3104.00*UN*1~
DTM*472*D8*20251123~
CAS*CO*45*194.00~
CAS*PR*1*194.00~
CAS*PR*2*388.00~LX*239~
CLP*CLAIM000239*1*3890.00*3112.00*0*11*1234567899*20251122*1~
CAS*PR*1*194.50~
CAS*PR*2*389.00~
CAS*CO*45*194.50~
NM1*QC*1*PATIENT*JOHN*M***MI*1234567899~
NM1*82*1*PROVIDER*JANE*M***XX*1234567890~
REF*D9*PATIENT000239~
REF*1W*1234567899~
AMT*AU*778.00~
AMT*D*194.50~
AMT*F5*389.00~
SVC*HC:99213*3890.00*3112.00*UN*1~
DTM*472*D8*20251122~
CAS*CO*45*194.50~
CAS*PR*1*194.50~
CAS*PR*2*389.00~LX*240~
CLP*CLAIM000240*1*3900.00*3120.00*0*11*1234567890*20251221*1~
CAS*PR*1*195.00~
CAS*PR*2*390.00~
CAS*CO*45*195.00~
NM1*QC*1*PATIENT*JOHN*M***MI*1234567890~
NM1*82*1*PROVIDER*JANE*M***XX*1234567890~
REF*D9*PATIENT000240~
REF*1W*1234567890~
AMT*AU*780.00~
AMT*D*195.00~
AMT*F5*390.00~
SVC*HC:99213*3900.00*3120.00*UN*1~
DTM*472*D8*20251221~
CAS*CO*45*195.00~
CAS*PR*1*195.00~
CAS*PR*2*390.00~LX*241~
CLP*CLAIM000241*1*3910.00*3128.00*0*11*1234567891*20251220*1~
CAS*PR*1*195.50~
CAS*PR*2*391.00~
CAS*CO*45*195.50~
NM1*QC*1*PATIENT*JOHN*M***MI*1234567891~
NM1*82*1*PROVIDER*JANE*M***XX*1234567890~
REF*D9*PATIENT000241~
REF*1W*1234567891~
AMT*AU*782.00~
AMT*D*195.50~
AMT*F5*391.00~
SVC*HC:99213*3910.00*3128.00*UN*1~
DTM*472*D8*20251220~
CAS*CO*45*195.50~
CAS*PR*1*195.50~
CAS*PR*2*391.00~LX*242~
CLP*CLAIM000242*1*3920.00*3136.00*0*11*1234567892*20251219*1~
CAS*PR*1*196.00~
CAS*PR*2*392.00~
CAS*CO*45*196.00~
NM1*QC*1*PATIENT*JOHN*M***MI*1234567892~
NM1*82*1*PROVIDER*JANE*M***XX*1234567890~
REF*D9*PATIENT000242~
REF*1W*1234567892~
AMT*AU*784.00~
AMT*D*196.00~
AMT*F5*392.00~
SVC*HC:99213*3920.00*3136.00*UN*1~
DTM*472*D8*20251219~
CAS*CO*45*196.00~
CAS*PR*1*196.00~
CAS*PR*2*392.00~LX*243~
CLP*CLAIM000243*1*3930.00*3144.00*0*11*1234567893*20251218*1~
CAS*PR*1*196.50~
CAS*PR*2*393.00~
CAS*CO*45*196.50~
NM1*QC*1*PATIENT*JOHN*M***MI*1234567893~
NM1*82*1*PROVIDER*JANE*M***XX*1234567890~
REF*D9*PATIENT000243~
REF*1W*1234567893~
AMT*AU*786.00~
AMT*D*196.50~
AMT*F5*393.00~
SVC*HC:99213*3930.00*3144.00*UN*1~
DTM*472*D8*20251218~
CAS*CO*45*196.50~
CAS*PR*1*196.50~
CAS*PR*2*393.00~LX*244~
CLP*CLAIM000244*1*3940.00*3152.00*0*11*1234567894*20251217*1~
CAS*PR*1*197.00~
CAS*PR*2*394.00~
CAS*CO*45*197.00~
NM1*QC*1*PATIENT*JOHN*M***MI*1234567894~
NM1*82*1*PROVIDER*JANE*M***XX*1234567890~
REF*D9*PATIENT000244~
REF*1W*1234567894~
AMT*AU*788.00~
AMT*D*197.00~
AMT*F5*394.00~
SVC*HC:99213*3940.00*3152.00*UN*1~
DTM*472*D8*20251217~
CAS*CO*45*197.00~
CAS*PR*1*197.00~
CAS*PR*2*394.00~LX*245~
CLP*CLAIM000245*1*3950.00*3160.00*0*11*1234567895*20251216*1~
CAS*PR*1*197.50~
CAS*PR*2*395.00~
CAS*CO*45*197.50~
NM1*QC*1*PATIENT*JOHN*M***MI*1234567895~
NM1*82*1*PROVIDER*JANE*M***XX*1234567890~
REF*D9*PATIENT000245~
REF*1W*1234567895~
AMT*AU*790.00~
AMT*D*197.50~
AMT*F5*395.00~
SVC*HC:99213*3950.00*3160.00*UN*1~
DTM*472*D8*20251216~
CAS*CO*45*197.50~
CAS*PR*1*197.50~
CAS*PR*2*395.00~LX*246~
CLP*CLAIM000246*1*3960.00*3168.00*0*11*1234567896*20251215*1~
CAS*PR*1*198.00~
CAS*PR*2*396.00~
CAS*CO*45*198.00~
NM1*QC*1*PATIENT*JOHN*M***MI*1234567896~
NM1*82*1*PROVIDER*JANE*M***XX*1234567890~
REF*D9*PATIENT000246~
REF*1W*1234567896~
AMT*AU*792.00~
AMT*D*198.00~
AMT*F5*396.00~
SVC*HC:99213*3960.00*3168.00*UN*1~
DTM*472*D8*20251215~
CAS*CO*45*198.00~
CAS*PR*1*198.00~
CAS*PR*2*396.00~LX*247~
CLP*CLAIM000247*1*3970.00*3176.00*0*11*1234567897*20251214*1~
CAS*PR*1*198.50~
CAS*PR*2*397.00~
CAS*CO*45*198.50~
NM1*QC*1*PATIENT*JOHN*M***MI*1234567897~
NM1*82*1*PROVIDER*JANE*M***XX*1234567890~
REF*D9*PATIENT000247~
REF*1W*1234567897~
AMT*AU*794.00~
AMT*D*198.50~
AMT*F5*397.00~
SVC*HC:99213*3970.00*3176.00*UN*1~
DTM*472*D8*20251214~
CAS*CO*45*198.50~
CAS*PR*1*198.50~
CAS*PR*2*397.00~LX*248~
CLP*CLAIM000248*1*3980.00*3184.00*0*11*1234567898*20251213*1~
CAS*PR*1*199.00~
CAS*PR*2*398.00~
CAS*CO*45*199.00~
NM1*QC*1*PATIENT*JOHN*M***MI*1234567898~
NM1*82*1*PROVIDER*JANE*M***XX*1234567890~
REF*D9*PATIENT000248~
REF*1W*1234567898~
AMT*AU*796.00~
AMT*D*199.00~
AMT*F5*398.00~
SVC*HC:99213*3980.00*3184.00*UN*1~
DTM*472*D8*20251213~
CAS*CO*45*199.00~
CAS*PR*1*199.00~
CAS*PR*2*398.00~LX*249~
CLP*CLAIM000249*1*3990.00*3192.00*0*11*1234567899*20251212*1~
CAS*PR*1*199.50~
CAS*PR*2*399.00~
CAS*CO*45*199.50~
NM1*QC*1*PATIENT*JOHN*M***MI*1234567899~
NM1*82*1*PROVIDER*JANE*M***XX*1234567890~
REF*D9*PATIENT000249~
REF*1W*1234567899~
AMT*AU*798.00~
AMT*D*199.50~
AMT*F5*399.00~
SVC*HC:99213*3990.00*3192.00*UN*1~
DTM*472*D8*20251212~
CAS*CO*45*199.50~
CAS*PR*1*199.50~
CAS*PR*2*399.00~LX*250~
CLP*CLAIM000250*1*4000.00*3200.00*0*11*1234567890*20251211*1~
CAS*PR*1*200.00~
CAS*PR*2*400.00~
CAS*CO*45*200.00~
NM1*QC*1*PATIENT*JOHN*M***MI*1234567890~
NM1*82*1*PROVIDER*JANE*M***XX*1234567890~
REF*D9*PATIENT000250~
REF*1W*1234567890~
AMT*AU*800.00~
AMT*D*200.00~
AMT*F5*400.00~
SVC*HC:99213*4000.00*3200.00*UN*1~
DTM*472*D8*20251211~
CAS*CO*45*200.00~
CAS*PR*1*200.00~
CAS*PR*2*400.00~LX*251~
CLP*CLAIM000251*1*4010.00*3208.00*0*11*1234567891*20251210*1~
CAS*PR*1*200.50~
CAS*PR*2*401.00~
CAS*CO*45*200.50~
NM1*QC*1*PATIENT*JOHN*M***MI*1234567891~
NM1*82*1*PROVIDER*JANE*M***XX*1234567890~
REF*D9*PATIENT000251~
REF*1W*1234567891~
AMT*AU*802.00~
AMT*D*200.50~
AMT*F5*401.00~
SVC*HC:99213*4010.00*3208.00*UN*1~
DTM*472*D8*20251210~
CAS*CO*45*200.50~
CAS*PR*1*200.50~
CAS*PR*2*401.00~LX*252~
CLP*CLAIM000252*1*4020.00*3216.00*0*11*1234567892*20251209*1~
CAS*PR*1*201.00~
CAS*PR*2*402.00~
CAS*CO*45*201.00~
NM1*QC*1*PATIENT*JOHN*M***MI*1234567892~
NM1*82*1*PROVIDER*JANE*M***XX*1234567890~
REF*D9*PATIENT000252~
REF*1W*1234567892~
AMT*AU*804.00~
AMT*D*201.00~
AMT*F5*402.00~
SVC*HC:99213*4020.00*3216.00*UN*1~
DTM*472*D8*20251209~
CAS*CO*45*201.00~
CAS*PR*1*201.00~
CAS*PR*2*402.00~LX*253~
CLP*CLAIM000253*1*4030.00*3224.00*0*11*1234567893*20251208*1~
CAS*PR*1*201.50~
CAS*PR*2*403.00~
CAS*CO*45*201.50~
NM1*QC*1*PATIENT*JOHN*M***MI*1234567893~
NM1*82*1*PROVIDER*JANE*M***XX*1234567890~
REF*D9*PATIENT000253~
REF*1W*1234567893~
AMT*AU*806.00~
AMT*D*201.50~
AMT*F5*403.00~
SVC*HC:99213*4030.00*3224.00*UN*1~
DTM*472*D8*20251208~
CAS*CO*45*201.50~
CAS*PR*1*201.50~
CAS*PR*2*403.00~LX*254~
CLP*CLAIM000254*1*4040.00*3232.00*0*11*1234567894*20251207*1~
CAS*PR*1*202.00~
CAS*PR*2*404.00~
CAS*CO*45*202.00~
NM1*QC*1*PATIENT*JOHN*M***MI*1234567894~
NM1*82*1*PROVIDER*JANE*M***XX*1234567890~
REF*D9*PATIENT000254~
REF*1W*1234567894~
AMT*AU*808.00~
AMT*D*202.00~
AMT*F5*404.00~
SVC*HC:99213*4040.00*3232.00*UN*1~
DTM*472*D8*20251207~
CAS*CO*45*202.00~
CAS*PR*1*202.00~
CAS*PR*2*404.00~LX*255~
CLP*CLAIM000255*1*4050.00*3240.00*0*11*1234567895*20251206*1~
CAS*PR*1*202.50~
CAS*PR*2*405.00~
CAS*CO*45*202.50~
NM1*QC*1*PATIENT*JOHN*M***MI*1234567895~
NM1*82*1*PROVIDER*JANE*M***XX*1234567890~
REF*D9*PATIENT000255~
REF*1W*1234567895~
AMT*AU*810.00~
AMT*D*202.50~
AMT*F5*405.00~
SVC*HC:99213*4050.00*3240.00*UN*1~
DTM*472*D8*20251206~
CAS*CO*45*202.50~
CAS*PR*1*202.50~
CAS*PR*2*405.00~LX*256~
CLP*CLAIM000256*1*4060.00*3248.00*0*11*1234567896*20251205*1~
CAS*PR*1*203.00~
CAS*PR*2*406.00~
CAS*CO*45*203.00~
NM1*QC*1*PATIENT*JOHN*M***MI*1234567896~
NM1*82*1*PROVIDER*JANE*M***XX*1234567890~
REF*D9*PATIENT000256~
REF*1W*1234567896~
AMT*AU*812.00~
AMT*D*203.00~
AMT*F5*406.00~
SVC*HC:99213*4060.00*3248.00*UN*1~
DTM*472*D8*20251205~
CAS*CO*45*203.00~
CAS*PR*1*203.00~
CAS*PR*2*406.00~LX*257~
CLP*CLAIM000257*1*4070.00*3256.00*0*11*1234567897*20251204*1~
CAS*PR*1*203.50~
CAS*PR*2*407.00~
CAS*CO*45*203.50~
NM1*QC*1*PATIENT*JOHN*M***MI*1234567897~
NM1*82*1*PROVIDER*JANE*M***XX*1234567890~
REF*D9*PATIENT000257~
REF*1W*1234567897~
AMT*AU*814.00~
AMT*D*203.50~
AMT*F5*407.00~
SVC*HC:99213*4070.00*3256.00*UN*1~
DTM*472*D8*20251204~
CAS*CO*45*203.50~
CAS*PR*1*203.50~
CAS*PR*2*407.00~LX*258~
CLP*CLAIM000258*1*4080.00*3264.00*0*11*1234567898*20251203*1~
CAS*PR*1*204.00~
CAS*PR*2*408.00~
CAS*CO*45*204.00~
NM1*QC*1*PATIENT*JOHN*M***MI*1234567898~
NM1*82*1*PROVIDER*JANE*M***XX*1234567890~
REF*D9*PATIENT000258~
REF*1W*1234567898~
AMT*AU*816.00~
AMT*D*204.00~
AMT*F5*408.00~
SVC*HC:99213*4080.00*3264.00*UN*1~
DTM*472*D8*20251203~
CAS*CO*45*204.00~
CAS*PR*1*204.00~
CAS*PR*2*408.00~LX*259~
CLP*CLAIM000259*1*4090.00*3272.00*0*11*1234567899*20251202*1~
CAS*PR*1*204.50~
CAS*PR*2*409.00~
CAS*CO*45*204.50~
NM1*QC*1*PATIENT*JOHN*M***MI*1234567899~
NM1*82*1*PROVIDER*JANE*M***XX*1234567890~
REF*D9*PATIENT000259~
REF*1W*1234567899~
AMT*AU*818.00~
AMT*D*204.50~
AMT*F5*409.00~
SVC*HC:99213*4090.00*3272.00*UN*1~
DTM*472*D8*20251202~
CAS*CO*45*204.50~
CAS*PR*1*204.50~
CAS*PR*2*409.00~LX*260~
CLP*CLAIM000260*1*4100.00*3280.00*0*11*1234567890*20251201*1~
CAS*PR*1*205.00~
CAS*PR*2*410.00~
CAS*CO*45*205.00~
NM1*QC*1*PATIENT*JOHN*M***MI*1234567890~
NM1*82*1*PROVIDER*JANE*M***XX*1234567890~
REF*D9*PATIENT000260~
REF*1W*1234567890~
AMT*AU*820.00~
AMT*D*205.00~
AMT*F5*410.00~
SVC*HC:99213*4100.00*3280.00*UN*1~
DTM*472*D8*20251201~
CAS*CO*45*205.00~
CAS*PR*1*205.00~
CAS*PR*2*410.00~LX*261~
CLP*CLAIM000261*1*4110.00*3288.00*0*11*1234567891*20251130*1~
CAS*PR*1*205.50~
CAS*PR*2*411.00~
CAS*CO*45*205.50~
NM1*QC*1*PATIENT*JOHN*M***MI*1234567891~
NM1*82*1*PROVIDER*JANE*M***XX*1234567890~
REF*D9*PATIENT000261~
REF*1W*1234567891~
AMT*AU*822.00~
AMT*D*205.50~
AMT*F5*411.00~
SVC*HC:99213*4110.00*3288.00*UN*1~
DTM*472*D8*20251130~
CAS*CO*45*205.50~
CAS*PR*1*205.50~
CAS*PR*2*411.00~LX*262~
CLP*CLAIM000262*1*4120.00*3296.00*0*11*1234567892*20251129*1~
CAS*PR*1*206.00~
CAS*PR*2*412.00~
CAS*CO*45*206.00~
NM1*QC*1*PATIENT*JOHN*M***MI*1234567892~
NM1*82*1*PROVIDER*JANE*M***XX*1234567890~
REF*D9*PATIENT000262~
REF*1W*1234567892~
AMT*AU*824.00~
AMT*D*206.00~
AMT*F5*412.00~
SVC*HC:99213*4120.00*3296.00*UN*1~
DTM*472*D8*20251129~
CAS*CO*45*206.00~
CAS*PR*1*206.00~
CAS*PR*2*412.00~LX*263~
CLP*CLAIM000263*1*4130.00*3304.00*0*11*1234567893*20251128*1~
CAS*PR*1*206.50~
CAS*PR*2*413.00~
CAS*CO*45*206.50~
NM1*QC*1*PATIENT*JOHN*M***MI*1234567893~
NM1*82*1*PROVIDER*JANE*M***XX*1234567890~
REF*D9*PATIENT000263~
REF*1W*1234567893~
AMT*AU*826.00~
AMT*D*206.50~
AMT*F5*413.00~
SVC*HC:99213*4130.00*3304.00*UN*1~
DTM*472*D8*20251128~
CAS*CO*45*206.50~
CAS*PR*1*206.50~
CAS*PR*2*413.00~LX*264~
CLP*CLAIM000264*1*4140.00*3312.00*0*11*1234567894*20251127*1~
CAS*PR*1*207.00~
CAS*PR*2*414.00~
CAS*CO*45*207.00~
NM1*QC*1*PATIENT*JOHN*M***MI*1234567894~
NM1*82*1*PROVIDER*JANE*M***XX*1234567890~
REF*D9*PATIENT000264~
REF*1W*1234567894~
AMT*AU*828.00~
AMT*D*207.00~
AMT*F5*414.00~
SVC*HC:99213*4140.00*3312.00*UN*1~
DTM*472*D8*20251127~
CAS*CO*45*207.00~
CAS*PR*1*207.00~
CAS*PR*2*414.00~LX*265~
CLP*CLAIM000265*1*4150.00*3320.00*0*11*1234567895*20251126*1~
CAS*PR*1*207.50~
CAS*PR*2*415.00~
CAS*CO*45*207.50~
NM1*QC*1*PATIENT*JOHN*M***MI*1234567895~
NM1*82*1*PROVIDER*JANE*M***XX*1234567890~
REF*D9*PATIENT000265~
REF*1W*1234567895~
AMT*AU*830.00~
AMT*D*207.50~
AMT*F5*415.00~
SVC*HC:99213*4150.00*3320.00*UN*1~
DTM*472*D8*20251126~
CAS*CO*45*207.50~
CAS*PR*1*207.50~
CAS*PR*2*415.00~LX*266~
CLP*CLAIM000266*1*4160.00*3328.00*0*11*1234567896*20251125*1~
CAS*PR*1*208.00~
CAS*PR*2*416.00~
CAS*CO*45*208.00~
NM1*QC*1*PATIENT*JOHN*M***MI*1234567896~
NM1*82*1*PROVIDER*JANE*M***XX*1234567890~
REF*D9*PATIENT000266~
REF*1W*1234567896~
AMT*AU*832.00~
AMT*D*208.00~
AMT*F5*416.00~
SVC*HC:99213*4160.00*3328.00*UN*1~
DTM*472*D8*20251125~
CAS*CO*45*208.00~
CAS*PR*1*208.00~
CAS*PR*2*416.00~LX*267~
CLP*CLAIM000267*1*4170.00*3336.00*0*11*1234567897*20251124*1~
CAS*PR*1*208.50~
CAS*PR*2*417.00~
CAS*CO*45*208.50~
NM1*QC*1*PATIENT*JOHN*M***MI*1234567897~
NM1*82*1*PROVIDER*JANE*M***XX*1234567890~
REF*D9*PATIENT000267~
REF*1W*1234567897~
AMT*AU*834.00~
AMT*D*208.50~
AMT*F5*417.00~
SVC*HC:99213*4170.00*3336.00*UN*1~
DTM*472*D8*20251124~
CAS*CO*45*208.50~
CAS*PR*1*208.50~
CAS*PR*2*417.00~LX*268~
CLP*CLAIM000268*1*4180.00*3344.00*0*11*1234567898*20251123*1~
CAS*PR*1*209.00~
CAS*PR*2*418.00~
CAS*CO*45*209.00~
NM1*QC*1*PATIENT*JOHN*M***MI*1234567898~
NM1*82*1*PROVIDER*JANE*M***XX*1234567890~
REF*D9*PATIENT000268~
REF*1W*1234567898~
AMT*AU*836.00~
AMT*D*209.00~
AMT*F5*418.00~
SVC*HC:99213*4180.00*3344.00*UN*1~
DTM*472*D8*20251123~
CAS*CO*45*209.00~
CAS*PR*1*209.00~
CAS*PR*2*418.00~LX*269~
CLP*CLAIM000269*1*4190.00*3352.00*0*11*1234567899*20251122*1~
CAS*PR*1*209.50~
CAS*PR*2*419.00~
CAS*CO*45*209.50~
NM1*QC*1*PATIENT*JOHN*M***MI*1234567899~
NM1*82*1*PROVIDER*JANE*M***XX*1234567890~
REF*D9*PATIENT000269~
REF*1W*1234567899~
AMT*AU*838.00~
AMT*D*209.50~
AMT*F5*419.00~
SVC*HC:99213*4190.00*3352.00*UN*1~
DTM*472*D8*20251122~
CAS*CO*45*209.50~
CAS*PR*1*209.50~
CAS*PR*2*419.00~LX*270~
CLP*CLAIM000270*1*4200.00*3360.00*0*11*1234567890*20251221*1~
CAS*PR*1*210.00~
CAS*PR*2*420.00~
CAS*CO*45*210.00~
NM1*QC*1*PATIENT*JOHN*M***MI*1234567890~
NM1*82*1*PROVIDER*JANE*M***XX*1234567890~
REF*D9*PATIENT000270~
REF*1W*1234567890~
AMT*AU*840.00~
AMT*D*210.00~
AMT*F5*420.00~
SVC*HC:99213*4200.00*3360.00*UN*1~
DTM*472*D8*20251221~
CAS*CO*45*210.00~
CAS*PR*1*210.00~
CAS*PR*2*420.00~LX*271~
CLP*CLAIM000271*1*4210.00*3368.00*0*11*1234567891*20251220*1~
CAS*PR*1*210.50~
CAS*PR*2*421.00~
CAS*CO*45*210.50~
NM1*QC*1*PATIENT*JOHN*M***MI*1234567891~
NM1*82*1*PROVIDER*JANE*M***XX*1234567890~
REF*D9*PATIENT000271~
REF*1W*1234567891~
AMT*AU*842.00~
AMT*D*210.50~
AMT*F5*421.00~
SVC*HC:99213*4210.00*3368.00*UN*1~
DTM*472*D8*20251220~
CAS*CO*45*210.50~
CAS*PR*1*210.50~
CAS*PR*2*421.00~LX*272~
CLP*CLAIM000272*1*4220.00*3376.00*0*11*1234567892*20251219*1~
CAS*PR*1*211.00~
CAS*PR*2*422.00~
CAS*CO*45*211.00~
NM1*QC*1*PATIENT*JOHN*M***MI*1234567892~
NM1*82*1*PROVIDER*JANE*M***XX*1234567890~
REF*D9*PATIENT000272~
REF*1W*1234567892~
AMT*AU*844.00~
AMT*D*211.00~
AMT*F5*422.00~
SVC*HC:99213*4220.00*3376.00*UN*1~
DTM*472*D8*20251219~
CAS*CO*45*211.00~
CAS*PR*1*211.00~
CAS*PR*2*422.00~LX*273~
CLP*CLAIM000273*1*4230.00*3384.00*0*11*1234567893*20251218*1~
CAS*PR*1*211.50~
CAS*PR*2*423.00~
CAS*CO*45*211.50~
NM1*QC*1*PATIENT*JOHN*M***MI*1234567893~
NM1*82*1*PROVIDER*JANE*M***XX*1234567890~
REF*D9*PATIENT000273~
REF*1W*1234567893~
AMT*AU*846.00~
AMT*D*211.50~
AMT*F5*423.00~
SVC*HC:99213*4230.00*3384.00*UN*1~
DTM*472*D8*20251218~
CAS*CO*45*211.50~
CAS*PR*1*211.50~
CAS*PR*2*423.00~LX*274~
CLP*CLAIM000274*1*4240.00*3392.00*0*11*1234567894*20251217*1~
CAS*PR*1*212.00~
CAS*PR*2*424.00~
CAS*CO*45*212.00~
NM1*QC*1*PATIENT*JOHN*M***MI*1234567894~
NM1*82*1*PROVIDER*JANE*M***XX*1234567890~
REF*D9*PATIENT000274~
REF*1W*1234567894~
AMT*AU*848.00~
AMT*D*212.00~
AMT*F5*424.00~
SVC*HC:99213*4240.00*3392.00*UN*1~
DTM*472*D8*20251217~
CAS*CO*45*212.00~
CAS*PR*1*212.00~
CAS*PR*2*424.00~LX*275~
CLP*CLAIM000275*1*4250.00*3400.00*0*11*1234567895*20251216*1~
CAS*PR*1*212.50~
CAS*PR*2*425.00~
CAS*CO*45*212.50~
NM1*QC*1*PATIENT*JOHN*M***MI*1234567895~
NM1*82*1*PROVIDER*JANE*M***XX*1234567890~
REF*D9*PATIENT000275~
REF*1W*1234567895~
AMT*AU*850.00~
AMT*D*212.50~
AMT*F5*425.00~
SVC*HC:99213*4250.00*3400.00*UN*1~
DTM*472*D8*20251216~
CAS*CO*45*212.50~
CAS*PR*1*212.50~
CAS*PR*2*425.00~LX*276~
CLP*CLAIM000276*1*4260.00*3408.00*0*11*1234567896*20251215*1~
CAS*PR*1*213.00~
CAS*PR*2*426.00~
CAS*CO*45*213.00~
NM1*QC*1*PATIENT*JOHN*M***MI*1234567896~
NM1*82*1*PROVIDER*JANE*M***XX*1234567890~
REF*D9*PATIENT000276~
REF*1W*1234567896~
AMT*AU*852.00~
AMT*D*213.00~
AMT*F5*426.00~
SVC*HC:99213*4260.00*3408.00*UN*1~
DTM*472*D8*20251215~
CAS*CO*45*213.00~
CAS*PR*1*213.00~
CAS*PR*2*426.00~LX*277~
CLP*CLAIM000277*1*4270.00*3416.00*0*11*1234567897*20251214*1~
CAS*PR*1*213.50~
CAS*PR*2*427.00~
CAS*CO*45*213.50~
NM1*QC*1*PATIENT*JOHN*M***MI*1234567897~
NM1*82*1*PROVIDER*JANE*M***XX*1234567890~
REF*D9*PATIENT000277~
REF*1W*1234567897~
AMT*AU*854.00~
AMT*D*213.50~
AMT*F5*427.00~
SVC*HC:99213*4270.00*3416.00*UN*1~
DTM*472*D8*20251214~
CAS*CO*45*213.50~
CAS*PR*1*213.50~
CAS*PR*2*427.00~LX*278~
CLP*CLAIM000278*1*4280.00*3424.00*0*11*1234567898*20251213*1~
CAS*PR*1*214.00~
CAS*PR*2*428.00~
CAS*CO*45*214.00~
NM1*QC*1*PATIENT*JOHN*M***MI*1234567898~
NM1*82*1*PROVIDER*JANE*M***XX*1234567890~
REF*D9*PATIENT000278~
REF*1W*1234567898~
AMT*AU*856.00~
AMT*D*214.00~
AMT*F5*428.00~
SVC*HC:99213*4280.00*3424.00*UN*1~
DTM*472*D8*20251213~
CAS*CO*45*214.00~
CAS*PR*1*214.00~
CAS*PR*2*428.00~LX*279~
CLP*CLAIM000279*1*4290.00*3432.00*0*11*1234567899*20251212*1~
CAS*PR*1*214.50~
CAS*PR*2*429.00~
CAS*CO*45*214.50~
NM1*QC*1*PATIENT*JOHN*M***MI*1234567899~
NM1*82*1*PROVIDER*JANE*M***XX*1234567890~
REF*D9*PATIENT000279~
REF*1W*1234567899~
AMT*AU*858.00~
AMT*D*214.50~
AMT*F5*429.00~
SVC*HC:99213*4290.00*3432.00*UN*1~
DTM*472*D8*20251212~
CAS*CO*45*214.50~
CAS*PR*1*214.50~
CAS*PR*2*429.00~LX*280~
CLP*CLAIM000280*1*4300.00*3440.00*0*11*1234567890*20251211*1~
CAS*PR*1*215.00~
CAS*PR*2*430.00~
CAS*CO*45*215.00~
NM1*QC*1*PATIENT*JOHN*M***MI*1234567890~
NM1*82*1*PROVIDER*JANE*M***XX*1234567890~
REF*D9*PATIENT000280~
REF*1W*1234567890~
AMT*AU*860.00~
AMT*D*215.00~
AMT*F5*430.00~
SVC*HC:99213*4300.00*3440.00*UN*1~
DTM*472*D8*20251211~
CAS*CO*45*215.00~
CAS*PR*1*215.00~
CAS*PR*2*430.00~LX*281~
CLP*CLAIM000281*1*4310.00*3448.00*0*11*1234567891*20251210*1~
CAS*PR*1*215.50~
CAS*PR*2*431.00~
CAS*CO*45*215.50~
NM1*QC*1*PATIENT*JOHN*M***MI*1234567891~
NM1*82*1*PROVIDER*JANE*M***XX*1234567890~
REF*D9*PATIENT000281~
REF*1W*1234567891~
AMT*AU*862.00~
AMT*D*215.50~
AMT*F5*431.00~
SVC*HC:99213*4310.00*3448.00*UN*1~
DTM*472*D8*20251210~
CAS*CO*45*215.50~
CAS*PR*1*215.50~
CAS*PR*2*431.00~LX*282~
CLP*CLAIM000282*1*4320.00*3456.00*0*11*1234567892*20251209*1~
CAS*PR*1*216.00~
CAS*PR*2*432.00~
CAS*CO*45*216.00~
NM1*QC*1*PATIENT*JOHN*M***MI*1234567892~
NM1*82*1*PROVIDER*JANE*M***XX*1234567890~
REF*D9*PATIENT000282~
REF*1W*1234567892~
AMT*AU*864.00~
AMT*D*216.00~
AMT*F5*432.00~
SVC*HC:99213*4320.00*3456.00*UN*1~
DTM*472*D8*20251209~
CAS*CO*45*216.00~
CAS*PR*1*216.00~
CAS*PR*2*432.00~LX*283~
CLP*CLAIM000283*1*4330.00*3464.00*0*11*1234567893*20251208*1~
CAS*PR*1*216.50~
CAS*PR*2*433.00~
CAS*CO*45*216.50~
NM1*QC*1*PATIENT*JOHN*M***MI*1234567893~
NM1*82*1*PROVIDER*JANE*M***XX*1234567890~
REF*D9*PATIENT000283~
REF*1W*1234567893~
AMT*AU*866.00~
AMT*D*216.50~
AMT*F5*433.00~
SVC*HC:99213*4330.00*3464.00*UN*1~
DTM*472*D8*20251208~
CAS*CO*45*216.50~
CAS*PR*1*216.50~
CAS*PR*2*433.00~LX*284~
CLP*CLAIM000284*1*4340.00*3472.00*0*11*1234567894*20251207*1~
CAS*PR*1*217.00~
CAS*PR*2*434.00~
CAS*CO*45*217.00~
NM1*QC*1*PATIENT*JOHN*M***MI*1234567894~
NM1*82*1*PROVIDER*JANE*M***XX*1234567890~
REF*D9*PATIENT000284~
REF*1W*1234567894~
AMT*AU*868.00~
AMT*D*217.00~
AMT*F5*434.00~
SVC*HC:99213*4340.00*3472.00*UN*1~
DTM*472*D8*20251207~
CAS*CO*45*217.00~
CAS*PR*1*217.00~
CAS*PR*2*434.00~LX*285~
CLP*CLAIM000285*1*4350.00*3480.00*0*11*1234567895*20251206*1~
CAS*PR*1*217.50~
CAS*PR*2*435.00~
CAS*CO*45*217.50~
NM1*QC*1*PATIENT*JOHN*M***MI*1234567895~
NM1*82*1*PROVIDER*JANE*M***XX*1234567890~
REF*D9*PATIENT000285~
REF*1W*1234567895~
AMT*AU*870.00~
AMT*D*217.50~
AMT*F5*435.00~
SVC*HC:99213*4350.00*3480.00*UN*1~
DTM*472*D8*20251206~
CAS*CO*45*217.50~
CAS*PR*1*217.50~
CAS*PR*2*435.00~LX*286~
CLP*CLAIM000286*1*4360.00*3488.00*0*11*1234567896*20251205*1~
CAS*PR*1*218.00~
CAS*PR*2*436.00~
CAS*CO*45*218.00~
NM1*QC*1*PATIENT*JOHN*M***MI*1234567896~
NM1*82*1*PROVIDER*JANE*M***XX*1234567890~
REF*D9*PATIENT000286~
REF*1W*1234567896~
AMT*AU*872.00~
AMT*D*218.00~
AMT*F5*436.00~
SVC*HC:99213*4360.00*3488.00*UN*1~
DTM*472*D8*20251205~
CAS*CO*45*218.00~
CAS*PR*1*218.00~
CAS*PR*2*436.00~LX*287~
CLP*CLAIM000287*1*4370.00*3496.00*0*11*1234567897*20251204*1~
CAS*PR*1*218.50~
CAS*PR*2*437.00~
CAS*CO*45*218.50~
NM1*QC*1*PATIENT*JOHN*M***MI*1234567897~
NM1*82*1*PROVIDER*JANE*M***XX*1234567890~
REF*D9*PATIENT000287~
REF*1W*1234567897~
AMT*AU*874.00~
AMT*D*218.50~
AMT*F5*437.00~
SVC*HC:99213*4370.00*3496.00*UN*1~
DTM*472*D8*20251204~
CAS*CO*45*218.50~
CAS*PR*1*218.50~
CAS*PR*2*437.00~LX*288~
CLP*CLAIM000288*1*4380.00*3504.00*0*11*1234567898*20251203*1~
CAS*PR*1*219.00~
CAS*PR*2*438.00~
CAS*CO*45*219.00~
NM1*QC*1*PATIENT*JOHN*M***MI*1234567898~
NM1*82*1*PROVIDER*JANE*M***XX*1234567890~
REF*D9*PATIENT000288~
REF*1W*1234567898~
AMT*AU*876.00~
AMT*D*219.00~
AMT*F5*438.00~
SVC*HC:99213*4380.00*3504.00*UN*1~
DTM*472*D8*20251203~
CAS*CO*45*219.00~
CAS*PR*1*219.00~
CAS*PR*2*438.00~LX*289~
CLP*CLAIM000289*1*4390.00*3512.00*0*11*1234567899*20251202*1~
CAS*PR*1*219.50~
CAS*PR*2*439.00~
CAS*CO*45*219.50~
NM1*QC*1*PATIENT*JOHN*M***MI*1234567899~
NM1*82*1*PROVIDER*JANE*M***XX*1234567890~
REF*D9*PATIENT000289~
REF*1W*1234567899~
AMT*AU*878.00~
AMT*D*219.50~
AMT*F5*439.00~
SVC*HC:99213*4390.00*3512.00*UN*1~
DTM*472*D8*20251202~
CAS*CO*45*219.50~
CAS*PR*1*219.50~
CAS*PR*2*439.00~LX*290~
CLP*CLAIM000290*1*4400.00*3520.00*0*11*1234567890*20251201*1~
CAS*PR*1*220.00~
CAS*PR*2*440.00~
CAS*CO*45*220.00~
NM1*QC*1*PATIENT*JOHN*M***MI*1234567890~
NM1*82*1*PROVIDER*JANE*M***XX*1234567890~
REF*D9*PATIENT000290~
REF*1W*1234567890~
AMT*AU*880.00~
AMT*D*220.00~
AMT*F5*440.00~
SVC*HC:99213*4400.00*3520.00*UN*1~
DTM*472*D8*20251201~
CAS*CO*45*220.00~
CAS*PR*1*220.00~
CAS*PR*2*440.00~LX*291~
CLP*CLAIM000291*1*4410.00*3528.00*0*11*1234567891*20251130*1~
CAS*PR*1*220.50~
CAS*PR*2*441.00~
CAS*CO*45*220.50~
NM1*QC*1*PATIENT*JOHN*M***MI*1234567891~
NM1*82*1*PROVIDER*JANE*M***XX*1234567890~
REF*D9*PATIENT000291~
REF*1W*1234567891~
AMT*AU*882.00~
AMT*D*220.50~
AMT*F5*441.00~
SVC*HC:99213*4410.00*3528.00*UN*1~
DTM*472*D8*20251130~
CAS*CO*45*220.50~
CAS*PR*1*220.50~
CAS*PR*2*441.00~LX*292~
CLP*CLAIM000292*1*4420.00*3536.00*0*11*1234567892*20251129*1~
CAS*PR*1*221.00~
CAS*PR*2*442.00~
CAS*CO*45*221.00~
NM1*QC*1*PATIENT*JOHN*M***MI*1234567892~
NM1*82*1*PROVIDER*JANE*M***XX*1234567890~
REF*D9*PATIENT000292~
REF*1W*1234567892~
AMT*AU*884.00~
AMT*D*221.00~
AMT*F5*442.00~
SVC*HC:99213*4420.00*3536.00*UN*1~
DTM*472*D8*20251129~
CAS*CO*45*221.00~
CAS*PR*1*221.00~
CAS*PR*2*442.00~LX*293~
CLP*CLAIM000293*1*4430.00*3544.00*0*11*1234567893*20251128*1~
CAS*PR*1*221.50~
CAS*PR*2*443.00~
CAS*CO*45*221.50~
NM1*QC*1*PATIENT*JOHN*M***MI*1234567893~
NM1*82*1*PROVIDER*JANE*M***XX*1234567890~
REF*D9*PATIENT000293~
REF*1W*1234567893~
AMT*AU*886.00~
AMT*D*221.50~
AMT*F5*443.00~
SVC*HC:99213*4430.00*3544.00*UN*1~
DTM*472*D8*20251128~
CAS*CO*45*221.50~
CAS*PR*1*221.50~
CAS*PR*2*443.00~LX*294~
CLP*CLAIM000294*1*4440.00*3552.00*0*11*1234567894*20251127*1~
CAS*PR*1*222.00~
CAS*PR*2*444.00~
CAS*CO*45*222.00~
NM1*QC*1*PATIENT*JOHN*M***MI*1234567894~
NM1*82*1*PROVIDER*JANE*M***XX*1234567890~
REF*D9*PATIENT000294~
REF*1W*1234567894~
AMT*AU*888.00~
AMT*D*222.00~
AMT*F5*444.00~
SVC*HC:99213*4440.00*3552.00*UN*1~
DTM*472*D8*20251127~
CAS*CO*45*222.00~
CAS*PR*1*222.00~
CAS*PR*2*444.00~LX*295~
CLP*CLAIM000295*1*4450.00*3560.00*0*11*1234567895*20251126*1~
CAS*PR*1*222.50~
CAS*PR*2*445.00~
CAS*CO*45*222.50~
NM1*QC*1*PATIENT*JOHN*M***MI*1234567895~
NM1*82*1*PROVIDER*JANE*M***XX*1234567890~
REF*D9*PATIENT000295~
REF*1W*1234567895~
AMT*AU*890.00~
AMT*D*222.50~
AMT*F5*445.00~
SVC*HC:99213*4450.00*3560.00*UN*1~
DTM*472*D8*20251126~
CAS*CO*45*222.50~
CAS*PR*1*222.50~
CAS*PR*2*445.00~LX*296~
CLP*CLAIM000296*1*4460.00*3568.00*0*11*1234567896*20251125*1~
CAS*PR*1*223.00~
CAS*PR*2*446.00~
CAS*CO*45*223.00~
NM1*QC*1*PATIENT*JOHN*M***MI*1234567896~
NM1*82*1*PROVIDER*JANE*M***XX*1234567890~
REF*D9*PATIENT000296~
REF*1W*1234567896~
AMT*AU*892.00~
AMT*D*223.00~
AMT*F5*446.00~
SVC*HC:99213*4460.00*3568.00*UN*1~
DTM*472*D8*20251125~
CAS*CO*45*223.00~
CAS*PR*1*223.00~
CAS*PR*2*446.00~LX*297~
CLP*CLAIM000297*1*4470.00*3576.00*0*11*1234567897*20251124*1~
CAS*PR*1*223.50~
CAS*PR*2*447.00~
CAS*CO*45*223.50~
NM1*QC*1*PATIENT*JOHN*M***MI*1234567897~
NM1*82*1*PROVIDER*JANE*M***XX*1234567890~
REF*D9*PATIENT000297~
REF*1W*1234567897~
AMT*AU*894.00~
AMT*D*223.50~
AMT*F5*447.00~
SVC*HC:99213*4470.00*3576.00*UN*1~
DTM*472*D8*20251124~
CAS*CO*45*223.50~
CAS*PR*1*223.50~
CAS*PR*2*447.00~LX*298~
CLP*CLAIM000298*1*4480.00*3584.00*0*11*1234567898*20251123*1~
CAS*PR*1*224.00~
CAS*PR*2*448.00~
CAS*CO*45*224.00~
NM1*QC*1*PATIENT*JOHN*M***MI*1234567898~
NM1*82*1*PROVIDER*JANE*M***XX*1234567890~
REF*D9*PATIENT000298~
REF*1W*1234567898~
AMT*AU*896.00~
AMT*D*224.00~
AMT*F5*448.00~
SVC*HC:99213*4480.00*3584.00*UN*1~
DTM*472*D8*20251123~
CAS*CO*45*224.00~
CAS*PR*1*224.00~
CAS*PR*2*448.00~LX*299~
CLP*CLAIM000299*1*4490.00*3592.00*0*11*1234567899*20251122*1~
CAS*PR*1*224.50~
CAS*PR*2*449.00~
CAS*CO*45*224.50~
NM1*QC*1*PATIENT*JOHN*M***MI*1234567899~
NM1*82*1*PROVIDER*JANE*M***XX*1234567890~
REF*D9*PATIENT000299~
REF*1W*1234567899~
AMT*AU*898.00~
AMT*D*224.50~
AMT*F5*449.00~
SVC*HC:99213*4490.00*3592.00*UN*1~
DTM*472*D8*20251122~
CAS*CO*45*224.50~
CAS*PR*1*224.50~
CAS*PR*2*449.00~LX*300~
CLP*CLAIM000300*1*4500.00*3600.00*0*11*1234567890*20251221*1~
CAS*PR*1*225.00~
CAS*PR*2*450.00~
CAS*CO*45*225.00~
NM1*QC*1*PATIENT*JOHN*M***MI*1234567890~
NM1*82*1*PROVIDER*JANE*M***XX*1234567890~
REF*D9*PATIENT000300~
REF*1W*1234567890~
AMT*AU*900.00~
AMT*D*225.00~
AMT*F5*450.00~
SVC*HC:99213*4500.00*3600.00*UN*1~
DTM*472*D8*20251221~
CAS*CO*45*225.00~
CAS*PR*1*225.00~
CAS*PR*2*450.00~LX*301~
CLP*CLAIM000301*1*4510.00*3608.00*0*11*1234567891*20251220*1~
CAS*PR*1*225.50~
CAS*PR*2*451.00~
CAS*CO*45*225.50~
NM1*QC*1*PATIENT*JOHN*M***MI*1234567891~
NM1*82*1*PROVIDER*JANE*M***XX*1234567890~
REF*D9*PATIENT000301~
REF*1W*1234567891~
AMT*AU*902.00~
AMT*D*225.50~
AMT*F5*451.00~
SVC*HC:99213*4510.00*3608.00*UN*1~
DTM*472*D8*20251220~
CAS*CO*45*225.50~
CAS*PR*1*225.50~
CAS*PR*2*451.00~LX*302~
CLP*CLAIM000302*1*4520.00*3616.00*0*11*1234567892*20251219*1~
CAS*PR*1*226.00~
CAS*PR*2*452.00~
CAS*CO*45*226.00~
NM1*QC*1*PATIENT*JOHN*M***MI*1234567892~
NM1*82*1*PROVIDER*JANE*M***XX*1234567890~
REF*D9*PATIENT000302~
REF*1W*1234567892~
AMT*AU*904.00~
AMT*D*226.00~
AMT*F5*452.00~
SVC*HC:99213*4520.00*3616.00*UN*1~
DTM*472*D8*20251219~
CAS*CO*45*226.00~
CAS*PR*1*226.00~
CAS*PR*2*452.00~LX*303~
CLP*CLAIM000303*1*4530.00*3624.00*0*11*1234567893*20251218*1~
CAS*PR*1*226.50~
CAS*PR*2*453.00~
CAS*CO*45*226.50~
NM1*QC*1*PATIENT*JOHN*M***MI*1234567893~
NM1*82*1*PROVIDER*JANE*M***XX*1234567890~
REF*D9*PATIENT000303~
REF*1W*1234567893~
AMT*AU*906.00~
AMT*D*226.50~
AMT*F5*453.00~
SVC*HC:99213*4530.00*3624.00*UN*1~
DTM*472*D8*20251218~
CAS*CO*45*226.50~
CAS*PR*1*226.50~
CAS*PR*2*453.00~LX*304~
CLP*CLAIM000304*1*4540.00*3632.00*0*11*1234567894*20251217*1~
CAS*PR*1*227.00~
CAS*PR*2*454.00~
CAS*CO*45*227.00~
NM1*QC*1*PATIENT*JOHN*M***MI*1234567894~
NM1*82*1*PROVIDER*JANE*M***XX*1234567890~
REF*D9*PATIENT000304~
REF*1W*1234567894~
AMT*AU*908.00~
AMT*D*227.00~
AMT*F5*454.00~
SVC*HC:99213*4540.00*3632.00*UN*1~
DTM*472*D8*20251217~
CAS*CO*45*227.00~
CAS*PR*1*227.00~
CAS*PR*2*454.00~LX*305~
CLP*CLAIM000305*1*4550.00*3640.00*0*11*1234567895*20251216*1~
CAS*PR*1*227.50~
CAS*PR*2*455.00~
CAS*CO*45*227.50~
NM1*QC*1*PATIENT*JOHN*M***MI*1234567895~
NM1*82*1*PROVIDER*JANE*M***XX*1234567890~
REF*D9*PATIENT000305~
REF*1W*1234567895~
AMT*AU*910.00~
AMT*D*227.50~
AMT*F5*455.00~
SVC*HC:99213*4550.00*3640.00*UN*1~
DTM*472*D8*20251216~
CAS*CO*45*227.50~
CAS*PR*1*227.50~
CAS*PR*2*455.00~LX*306~
CLP*CLAIM000306*1*4560.00*3648.00*0*11*1234567896*20251215*1~
CAS*PR*1*228.00~
CAS*PR*2*456.00~
CAS*CO*45*228.00~
NM1*QC*1*PATIENT*JOHN*M***MI*1234567896~
NM1*82*1*PROVIDER*JANE*M***XX*1234567890~
REF*D9*PATIENT000306~
REF*1W*1234567896~
AMT*AU*912.00~
AMT*D*228.00~
AMT*F5*456.00~
SVC*HC:99213*4560.00*3648.00*UN*1~
DTM*472*D8*20251215~
CAS*CO*45*228.00~
CAS*PR*1*228.00~
CAS*PR*2*456.00~LX*307~
CLP*CLAIM000307*1*4570.00*3656.00*0*11*1234567897*20251214*1~
CAS*PR*1*228.50~
CAS*PR*2*457.00~
CAS*CO*45*228.50~
NM1*QC*1*PATIENT*JOHN*M***MI*1234567897~
NM1*82*1*PROVIDER*JANE*M***XX*1234567890~
REF*D9*PATIENT000307~
REF*1W*1234567897~
AMT*AU*914.00~
AMT*D*228.50~
AMT*F5*457.00~
SVC*HC:99213*4570.00*3656.00*UN*1~
DTM*472*D8*20251214~
CAS*CO*45*228.50~
CAS*PR*1*228.50~
CAS*PR*2*457.00~LX*308~
CLP*CLAIM000308*1*4580.00*3664.00*0*11*1234567898*20251213*1~
CAS*PR*1*229.00~
CAS*PR*2*458.00~
CAS*CO*45*229.00~
NM1*QC*1*PATIENT*JOHN*M***MI*1234567898~
NM1*82*1*PROVIDER*JANE*M***XX*1234567890~
REF*D9*PATIENT000308~
REF*1W*1234567898~
AMT*AU*916.00~
AMT*D*229.00~
AMT*F5*458.00~
SVC*HC:99213*4580.00*3664.00*UN*1~
DTM*472*D8*20251213~
CAS*CO*45*229.00~
CAS*PR*1*229.00~
CAS*PR*2*458.00~LX*309~
CLP*CLAIM000309*1*4590.00*3672.00*0*11*1234567899*20251212*1~
CAS*PR*1*229.50~
CAS*PR*2*459.00~
CAS*CO*45*229.50~
NM1*QC*1*PATIENT*JOHN*M***MI*1234567899~
NM1*82*1*PROVIDER*JANE*M***XX*1234567890~
REF*D9*PATIENT000309~
REF*1W*1234567899~
AMT*AU*918.00~
AMT*D*229.50~
AMT*F5*459.00~
SVC*HC:99213*4590.00*3672.00*UN*1~
DTM*472*D8*20251212~
CAS*CO*45*229.50~
CAS*PR*1*229.50~
CAS*PR*2*459.00~LX*310~
CLP*CLAIM000310*1*4600.00*3680.00*0*11*1234567890*20251211*1~
CAS*PR*1*230.00~
CAS*PR*2*460.00~
CAS*CO*45*230.00~
NM1*QC*1*PATIENT*JOHN*M***MI*1234567890~
NM1*82*1*PROVIDER*JANE*M***XX*1234567890~
REF*D9*PATIENT000310~
REF*1W*1234567890~
AMT*AU*920.00~
AMT*D*230.00~
AMT*F5*460.00~
SVC*HC:99213*4600.00*3680.00*UN*1~
DTM*472*D8*20251211~
CAS*CO*45*230.00~
CAS*PR*1*230.00~
CAS*PR*2*460.00~LX*311~
CLP*CLAIM000311*1*4610.00*3688.00*0*11*1234567891*20251210*1~
CAS*PR*1*230.50~
CAS*PR*2*461.00~
CAS*CO*45*230.50~
NM1*QC*1*PATIENT*JOHN*M***MI*1234567891~
NM1*82*1*PROVIDER*JANE*M***XX*1234567890~
REF*D9*PATIENT000311~
REF*1W*1234567891~
AMT*AU*922.00~
AMT*D*230.50~
AMT*F5*461.00~
SVC*HC:99213*4610.00*3688.00*UN*1~
DTM*472*D8*20251210~
CAS*CO*45*230.50~
CAS*PR*1*230.50~
CAS*PR*2*461.00~LX*312~
CLP*CLAIM000312*1*4620.00*3696.00*0*11*1234567892*20251209*1~
CAS*PR*1*231.00~
CAS*PR*2*462.00~
CAS*CO*45*231.00~
NM1*QC*1*PATIENT*JOHN*M***MI*1234567892~
NM1*82*1*PROVIDER*JANE*M***XX*1234567890~
REF*D9*PATIENT000312~
REF*1W*1234567892~
AMT*AU*924.00~
AMT*D*231.00~
AMT*F5*462.00~
SVC*HC:99213*4620.00*3696.00*UN*1~
DTM*472*D8*20251209~
CAS*CO*45*231.00~
CAS*PR*1*231.00~
CAS*PR*2*462.00~LX*313~
CLP*CLAIM000313*1*4630.00*3704.00*0*11*1234567893*20251208*1~
CAS*PR*1*231.50~
CAS*PR*2*463.00~
CAS*CO*45*231.50~
NM1*QC*1*PATIENT*JOHN*M***MI*1234567893~
NM1*82*1*PROVIDER*JANE*M***XX*1234567890~
REF*D9*PATIENT000313~
REF*1W*1234567893~
AMT*AU*926.00~
AMT*D*231.50~
AMT*F5*463.00~
SVC*HC:99213*4630.00*3704.00*UN*1~
DTM*472*D8*20251208~
CAS*CO*45*231.50~
CAS*PR*1*231.50~
CAS*PR*2*463.00~LX*314~
CLP*CLAIM000314*1*4640.00*3712.00*0*11*1234567894*20251207*1~
CAS*PR*1*232.00~
CAS*PR*2*464.00~
CAS*CO*45*232.00~
NM1*QC*1*PATIENT*JOHN*M***MI*1234567894~
NM1*82*1*PROVIDER*JANE*M***XX*1234567890~
REF*D9*PATIENT000314~
REF*1W*1234567894~
AMT*AU*928.00~
AMT*D*232.00~
AMT*F5*464.00~
SVC*HC:99213*4640.00*3712.00*UN*1~
DTM*472*D8*20251207~
CAS*CO*45*232.00~
CAS*PR*1*232.00~
CAS*PR*2*464.00~LX*315~
CLP*CLAIM000315*1*4650.00*3720.00*0*11*1234567895*20251206*1~
CAS*PR*1*232.50~
CAS*PR*2*465.00~
CAS*CO*45*232.50~
NM1*QC*1*PATIENT*JOHN*M***MI*1234567895~
NM1*82*1*PROVIDER*JANE*M***XX*1234567890~
REF*D9*PATIENT000315~
REF*1W*1234567895~
AMT*AU*930.00~
AMT*D*232.50~
AMT*F5*465.00~
SVC*HC:99213*4650.00*3720.00*UN*1~
DTM*472*D8*20251206~
CAS*CO*45*232.50~
CAS*PR*1*232.50~
CAS*PR*2*465.00~LX*316~
CLP*CLAIM000316*1*4660.00*3728.00*0*11*1234567896*20251205*1~
CAS*PR*1*233.00~
CAS*PR*2*466.00~
CAS*CO*45*233.00~
NM1*QC*1*PATIENT*JOHN*M***MI*1234567896~
NM1*82*1*PROVIDER*JANE*M***XX*1234567890~
REF*D9*PATIENT000316~
REF*1W*1234567896~
AMT*AU*932.00~
AMT*D*233.00~
AMT*F5*466.00~
SVC*HC:99213*4660.00*3728.00*UN*1~
DTM*472*D8*20251205~
CAS*CO*45*233.00~
CAS*PR*1*233.00~
CAS*PR*2*466.00~LX*317~
CLP*CLAIM000317*1*4670.00*3736.00*0*11*1234567897*20251204*1~
CAS*PR*1*233.50~
CAS*PR*2*467.00~
CAS*CO*45*233.50~
NM1*QC*1*PATIENT*JOHN*M***MI*1234567897~
NM1*82*1*PROVIDER*JANE*M***XX*1234567890~
REF*D9*PATIENT000317~
REF*1W*1234567897~
AMT*AU*934.00~
AMT*D*233.50~
AMT*F5*467.00~
SVC*HC:99213*4670.00*3736.00*UN*1~
DTM*472*D8*20251204~
CAS*CO*45*233.50~
CAS*PR*1*233.50~
CAS*PR*2*467.00~LX*318~
CLP*CLAIM000318*1*4680.00*3744.00*0*11*1234567898*20251203*1~
CAS*PR*1*234.00~
CAS*PR*2*468.00~
CAS*CO*45*234.00~
NM1*QC*1*PATIENT*JOHN*M***MI*1234567898~
NM1*82*1*PROVIDER*JANE*M***XX*1234567890~
REF*D9*PATIENT000318~
REF*1W*1234567898~
AMT*AU*936.00~
AMT*D*234.00~
AMT*F5*468.00~
SVC*HC:99213*4680.00*3744.00*UN*1~
DTM*472*D8*20251203~
CAS*CO*45*234.00~
CAS*PR*1*234.00~
CAS*PR*2*468.00~LX*319~
CLP*CLAIM000319*1*4690.00*3752.00*0*11*1234567899*20251202*1~
CAS*PR*1*234.50~
CAS*PR*2*469.00~
CAS*CO*45*234.50~
NM1*QC*1*PATIENT*JOHN*M***MI*1234567899~
NM1*82*1*PROVIDER*JANE*M***XX*1234567890~
REF*D9*PATIENT000319~
REF*1W*1234567899~
AMT*AU*938.00~
AMT*D*234.50~
AMT*F5*469.00~
SVC*HC:99213*4690.00*3752.00*UN*1~
DTM*472*D8*20251202~
CAS*CO*45*234.50~
CAS*PR*1*234.50~
CAS*PR*2*469.00~LX*320~
CLP*CLAIM000320*1*4700.00*3760.00*0*11*1234567890*20251201*1~
CAS*PR*1*235.00~
CAS*PR*2*470.00~
CAS*CO*45*235.00~
NM1*QC*1*PATIENT*JOHN*M***MI*1234567890~
NM1*82*1*PROVIDER*JANE*M***XX*1234567890~
REF*D9*PATIENT000320~
REF*1W*1234567890~
AMT*AU*940.00~
AMT*D*235.00~
AMT*F5*470.00~
SVC*HC:99213*4700.00*3760.00*UN*1~
DTM*472*D8*20251201~
CAS*CO*45*235.00~
CAS*PR*1*235.00~
CAS*PR*2*470.00~LX*321~
CLP*CLAIM000321*1*4710.00*3768.00*0*11*1234567891*20251130*1~
CAS*PR*1*235.50~
CAS*PR*2*471.00~
CAS*CO*45*235.50~
NM1*QC*1*PATIENT*JOHN*M***MI*1234567891~
NM1*82*1*PROVIDER*JANE*M***XX*1234567890~
REF*D9*PATIENT000321~
REF*1W*1234567891~
AMT*AU*942.00~
AMT*D*235.50~
AMT*F5*471.00~
SVC*HC:99213*4710.00*3768.00*UN*1~
DTM*472*D8*20251130~
CAS*CO*45*235.50~
CAS*PR*1*235.50~
CAS*PR*2*471.00~LX*322~
CLP*CLAIM000322*1*4720.00*3776.00*0*11*1234567892*20251129*1~
CAS*PR*1*236.00~
CAS*PR*2*472.00~
CAS*CO*45*236.00~
NM1*QC*1*PATIENT*JOHN*M***MI*1234567892~
NM1*82*1*PROVIDER*JANE*M***XX*1234567890~
REF*D9*PATIENT000322~
REF*1W*1234567892~
AMT*AU*944.00~
AMT*D*236.00~
AMT*F5*472.00~
SVC*HC:99213*4720.00*3776.00*UN*1~
DTM*472*D8*20251129~
CAS*CO*45*236.00~
CAS*PR*1*236.00~
CAS*PR*2*472.00~LX*323~
CLP*CLAIM000323*1*4730.00*3784.00*0*11*1234567893*20251128*1~
CAS*PR*1*236.50~
CAS*PR*2*473.00~
CAS*CO*45*236.50~
NM1*QC*1*PATIENT*JOHN*M***MI*1234567893~
NM1*82*1*PROVIDER*JANE*M***XX*1234567890~
REF*D9*PATIENT000323~
REF*1W*1234567893~
AMT*AU*946.00~
AMT*D*236.50~
AMT*F5*473.00~
SVC*HC:99213*4730.00*3784.00*UN*1~
DTM*472*D8*20251128~
CAS*CO*45*236.50~
CAS*PR*1*236.50~
CAS*PR*2*473.00~LX*324~
CLP*CLAIM000324*1*4740.00*3792.00*0*11*1234567894*20251127*1~
CAS*PR*1*237.00~
CAS*PR*2*474.00~
CAS*CO*45*237.00~
NM1*QC*1*PATIENT*JOHN*M***MI*1234567894~
NM1*82*1*PROVIDER*JANE*M***XX*1234567890~
REF*D9*PATIENT000324~
REF*1W*1234567894~
AMT*AU*948.00~
AMT*D*237.00~
AMT*F5*474.00~
SVC*HC:99213*4740.00*3792.00*UN*1~
DTM*472*D8*20251127~
CAS*CO*45*237.00~
CAS*PR*1*237.00~
CAS*PR*2*474.00~LX*325~
CLP*CLAIM000325*1*4750.00*3800.00*0*11*1234567895*20251126*1~
CAS*PR*1*237.50~
CAS*PR*2*475.00~
CAS*CO*45*237.50~
NM1*QC*1*PATIENT*JOHN*M***MI*1234567895~
NM1*82*1*PROVIDER*JANE*M***XX*1234567890~
REF*D9*PATIENT000325~
REF*1W*1234567895~
AMT*AU*950.00~
AMT*D*237.50~
AMT*F5*475.00~
SVC*HC:99213*4750.00*3800.00*UN*1~
DTM*472*D8*20251126~
CAS*CO*45*237.50~
CAS*PR*1*237.50~
CAS*PR*2*475.00~LX*326~
CLP*CLAIM000326*1*4760.00*3808.00*0*11*1234567896*20251125*1~
CAS*PR*1*238.00~
CAS*PR*2*476.00~
CAS*CO*45*238.00~
NM1*QC*1*PATIENT*JOHN*M***MI*1234567896~
NM1*82*1*PROVIDER*JANE*M***XX*1234567890~
REF*D9*PATIENT000326~
REF*1W*1234567896~
AMT*AU*952.00~
AMT*D*238.00~
AMT*F5*476.00~
SVC*HC:99213*4760.00*3808.00*UN*1~
DTM*472*D8*20251125~
CAS*CO*45*238.00~
CAS*PR*1*238.00~
CAS*PR*2*476.00~LX*327~
CLP*CLAIM000327*1*4770.00*3816.00*0*11*1234567897*20251124*1~
CAS*PR*1*238.50~
CAS*PR*2*477.00~
CAS*CO*45*238.50~
NM1*QC*1*PATIENT*JOHN*M***MI*1234567897~
NM1*82*1*PROVIDER*JANE*M***XX*1234567890~
REF*D9*PATIENT000327~
REF*1W*1234567897~
AMT*AU*954.00~
AMT*D*238.50~
AMT*F5*477.00~
SVC*HC:99213*4770.00*3816.00*UN*1~
DTM*472*D8*20251124~
CAS*CO*45*238.50~
CAS*PR*1*238.50~
CAS*PR*2*477.00~LX*328~
CLP*CLAIM000328*1*4780.00*3824.00*0*11*1234567898*20251123*1~
CAS*PR*1*239.00~
CAS*PR*2*478.00~
CAS*CO*45*239.00~
NM1*QC*1*PATIENT*JOHN*M***MI*1234567898~
NM1*82*1*PROVIDER*JANE*M***XX*1234567890~
REF*D9*PATIENT000328~
REF*1W*1234567898~
AMT*AU*956.00~
AMT*D*239.00~
AMT*F5*478.00~
SVC*HC:99213*4780.00*3824.00*UN*1~
DTM*472*D8*20251123~
CAS*CO*45*239.00~
CAS*PR*1*239.00~
CAS*PR*2*478.00~LX*329~
CLP*CLAIM000329*1*4790.00*3832.00*0*11*1234567899*20251122*1~
CAS*PR*1*239.50~
CAS*PR*2*479.00~
CAS*CO*45*239.50~
NM1*QC*1*PATIENT*JOHN*M***MI*1234567899~
NM1*82*1*PROVIDER*JANE*M***XX*1234567890~
REF*D9*PATIENT000329~
REF*1W*1234567899~
AMT*AU*958.00~
AMT*D*239.50~
AMT*F5*479.00~
SVC*HC:99213*4790.00*3832.00*UN*1~
DTM*472*D8*20251122~
CAS*CO*45*239.50~
CAS*PR*1*239.50~
CAS*PR*2*479.00~LX*330~
CLP*CLAIM000330*1*4800.00*3840.00*0*11*1234567890*20251221*1~
CAS*PR*1*240.00~
CAS*PR*2*480.00~
CAS*CO*45*240.00~
NM1*QC*1*PATIENT*JOHN*M***MI*1234567890~
NM1*82*1*PROVIDER*JANE*M***XX*1234567890~
REF*D9*PATIENT000330~
REF*1W*1234567890~
AMT*AU*960.00~
AMT*D*240.00~
AMT*F5*480.00~
SVC*HC:99213*4800.00*3840.00*UN*1~
DTM*472*D8*20251221~
CAS*CO*45*240.00~
CAS*PR*1*240.00~
CAS*PR*2*480.00~LX*331~
CLP*CLAIM000331*1*4810.00*3848.00*0*11*1234567891*20251220*1~
CAS*PR*1*240.50~
CAS*PR*2*481.00~
CAS*CO*45*240.50~
NM1*QC*1*PATIENT*JOHN*M***MI*1234567891~
NM1*82*1*PROVIDER*JANE*M***XX*1234567890~
REF*D9*PATIENT000331~
REF*1W*1234567891~
AMT*AU*962.00~
AMT*D*240.50~
AMT*F5*481.00~
SVC*HC:99213*4810.00*3848.00*UN*1~
DTM*472*D8*20251220~
CAS*CO*45*240.50~
CAS*PR*1*240.50~
CAS*PR*2*481.00~LX*332~
CLP*CLAIM000332*1*4820.00*3856.00*0*11*1234567892*20251219*1~
CAS*PR*1*241.00~
CAS*PR*2*482.00~
CAS*CO*45*241.00~
NM1*QC*1*PATIENT*JOHN*M***MI*1234567892~
NM1*82*1*PROVIDER*JANE*M***XX*1234567890~
REF*D9*PATIENT000332~
REF*1W*1234567892~
AMT*AU*964.00~
AMT*D*241.00~
AMT*F5*482.00~
SVC*HC:99213*4820.00*3856.00*UN*1~
DTM*472*D8*20251219~
CAS*CO*45*241.00~
CAS*PR*1*241.00~
CAS*PR*2*482.00~LX*333~
CLP*CLAIM000333*1*4830.00*3864.00*0*11*1234567893*20251218*1~
CAS*PR*1*241.50~
CAS*PR*2*483.00~
CAS*CO*45*241.50~
NM1*QC*1*PATIENT*JOHN*M***MI*1234567893~
NM1*82*1*PROVIDER*JANE*M***XX*1234567890~
REF*D9*PATIENT000333~
REF*1W*1234567893~
AMT*AU*966.00~
AMT*D*241.50~
AMT*F5*483.00~
SVC*HC:99213*4830.00*3864.00*UN*1~
DTM*472*D8*20251218~
CAS*CO*45*241.50~
CAS*PR*1*241.50~
CAS*PR*2*483.00~LX*334~
CLP*CLAIM000334*1*4840.00*3872.00*0*11*1234567894*20251217*1~
CAS*PR*1*242.00~
CAS*PR*2*484.00~
CAS*CO*45*242.00~
NM1*QC*1*PATIENT*JOHN*M***MI*1234567894~
NM1*82*1*PROVIDER*JANE*M***XX*1234567890~
REF*D9*PATIENT000334~
REF*1W*1234567894~
AMT*AU*968.00~
AMT*D*242.00~
AMT*F5*484.00~
SVC*HC:99213*4840.00*3872.00*UN*1~
DTM*472*D8*20251217~
CAS*CO*45*242.00~
CAS*PR*1*242.00~
CAS*PR*2*484.00~LX*335~
CLP*CLAIM000335*1*4850.00*3880.00*0*11*1234567895*20251216*1~
CAS*PR*1*242.50~
CAS*PR*2*485.00~
CAS*CO*45*242.50~
NM1*QC*1*PATIENT*JOHN*M***MI*1234567895~
NM1*82*1*PROVIDER*JANE*M***XX*1234567890~
REF*D9*PATIENT000335~
REF*1W*1234567895~
AMT*AU*970.00~
AMT*D*242.50~
AMT*F5*485.00~
SVC*HC:99213*4850.00*3880.00*UN*1~
DTM*472*D8*20251216~
CAS*CO*45*242.50~
CAS*PR*1*242.50~
CAS*PR*2*485.00~LX*336~
CLP*CLAIM000336*1*4860.00*3888.00*0*11*1234567896*20251215*1~
CAS*PR*1*243.00~
CAS*PR*2*486.00~
CAS*CO*45*243.00~
NM1*QC*1*PATIENT*JOHN*M***MI*1234567896~
NM1*82*1*PROVIDER*JANE*M***XX*1234567890~
REF*D9*PATIENT000336~
REF*1W*1234567896~
AMT*AU*972.00~
AMT*D*243.00~
AMT*F5*486.00~
SVC*HC:99213*4860.00*3888.00*UN*1~
DTM*472*D8*20251215~
CAS*CO*45*243.00~
CAS*PR*1*243.00~
CAS*PR*2*486.00~LX*337~
CLP*CLAIM000337*1*4870.00*3896.00*0*11*1234567897*20251214*1~
CAS*PR*1*243.50~
CAS*PR*2*487.00~
CAS*CO*45*243.50~
NM1*QC*1*PATIENT*JOHN*M***MI*1234567897~
NM1*82*1*PROVIDER*JANE*M***XX*1234567890~
REF*D9*PATIENT000337~
REF*1W*1234567897~
AMT*AU*974.00~
AMT*D*243.50~
AMT*F5*487.00~
SVC*HC:99213*4870.00*3896.00*UN*1~
DTM*472*D8*20251214~
CAS*CO*45*243.50~
CAS*PR*1*243.50~
CAS*PR*2*487.00~LX*338~
CLP*CLAIM000338*1*4880.00*3904.00*0*11*1234567898*20251213*1~
CAS*PR*1*244.00~
CAS*PR*2*488.00~
CAS*CO*45*244.00~
NM1*QC*1*PATIENT*JOHN*M***MI*1234567898~
NM1*82*1*PROVIDER*JANE*M***XX*1234567890~
REF*D9*PATIENT000338~
REF*1W*1234567898~
AMT*AU*976.00~
AMT*D*244.00~
AMT*F5*488.00~
SVC*HC:99213*4880.00*3904.00*UN*1~
DTM*472*D8*20251213~
CAS*CO*45*244.00~
CAS*PR*1*244.00~
CAS*PR*2*488.00~LX*339~
CLP*CLAIM000339*1*4890.00*3912.00*0*11*1234567899*20251212*1~
CAS*PR*1*244.50~
CAS*PR*2*489.00~
CAS*CO*45*244.50~
NM1*QC*1*PATIENT*JOHN*M***MI*1234567899~
NM1*82*1*PROVIDER*JANE*M***XX*1234567890~
REF*D9*PATIENT000339~
REF*1W*1234567899~
AMT*AU*978.00~
AMT*D*244.50~
AMT*F5*489.00~
SVC*HC:99213*4890.00*3912.00*UN*1~
DTM*472*D8*20251212~
CAS*CO*45*244.50~
CAS*PR*1*244.50~
CAS*PR*2*489.00~LX*340~
CLP*CLAIM000340*1*4900.00*3920.00*0*11*1234567890*20251211*1~
CAS*PR*1*245.00~
CAS*PR*2*490.00~
CAS*CO*45*245.00~
NM1*QC*1*PATIENT*JOHN*M***MI*1234567890~
NM1*82*1*PROVIDER*JANE*M***XX*1234567890~
REF*D9*PATIENT000340~
REF*1W*1234567890~
AMT*AU*980.00~
AMT*D*245.00~
AMT*F5*490.00~
SVC*HC:99213*4900.00*3920.00*UN*1~
DTM*472*D8*20251211~
CAS*CO*45*245.00~
CAS*PR*1*245.00~
CAS*PR*2*490.00~LX*341~
CLP*CLAIM000341*1*4910.00*3928.00*0*11*1234567891*20251210*1~
CAS*PR*1*245.50~
CAS*PR*2*491.00~
CAS*CO*45*245.50~
NM1*QC*1*PATIENT*JOHN*M***MI*1234567891~
NM1*82*1*PROVIDER*JANE*M***XX*1234567890~
REF*D9*PATIENT000341~
REF*1W*1234567891~
AMT*AU*982.00~
AMT*D*245.50~
AMT*F5*491.00~
SVC*HC:99213*4910.00*3928.00*UN*1~
DTM*472*D8*20251210~
CAS*CO*45*245.50~
CAS*PR*1*245.50~
CAS*PR*2*491.00~LX*342~
CLP*CLAIM000342*1*4920.00*3936.00*0*11*1234567892*20251209*1~
CAS*PR*1*246.00~
CAS*PR*2*492.00~
CAS*CO*45*246.00~
NM1*QC*1*PATIENT*JOHN*M***MI*1234567892~
NM1*82*1*PROVIDER*JANE*M***XX*1234567890~
REF*D9*PATIENT000342~
REF*1W*1234567892~
AMT*AU*984.00~
AMT*D*246.00~
AMT*F5*492.00~
SVC*HC:99213*4920.00*3936.00*UN*1~
DTM*472*D8*20251209~
CAS*CO*45*246.00~
CAS*PR*1*246.00~
CAS*PR*2*492.00~LX*343~
CLP*CLAIM000343*1*4930.00*3944.00*0*11*1234567893*20251208*1~
CAS*PR*1*246.50~
CAS*PR*2*493.00~
CAS*CO*45*246.50~
NM1*QC*1*PATIENT*JOHN*M***MI*1234567893~
NM1*82*1*PROVIDER*JANE*M***XX*1234567890~
REF*D9*PATIENT000343~
REF*1W*1234567893~
AMT*AU*986.00~
AMT*D*246.50~
AMT*F5*493.00~
SVC*HC:99213*4930.00*3944.00*UN*1~
DTM*472*D8*20251208~
CAS*CO*45*246.50~
CAS*PR*1*246.50~
CAS*PR*2*493.00~LX*344~
CLP*CLAIM000344*1*4940.00*3952.00*0*11*1234567894*20251207*1~
CAS*PR*1*247.00~
CAS*PR*2*494.00~
CAS*CO*45*247.00~
NM1*QC*1*PATIENT*JOHN*M***MI*1234567894~
NM1*82*1*PROVIDER*JANE*M***XX*1234567890~
REF*D9*PATIENT000344~
REF*1W*1234567894~
AMT*AU*988.00~
AMT*D*247.00~
AMT*F5*494.00~
SVC*HC:99213*4940.00*3952.00*UN*1~
DTM*472*D8*20251207~
CAS*CO*45*247.00~
CAS*PR*1*247.00~
CAS*PR*2*494.00~LX*345~
CLP*CLAIM000345*1*4950.00*3960.00*0*11*1234567895*20251206*1~
CAS*PR*1*247.50~
CAS*PR*2*495.00~
CAS*CO*45*247.50~
NM1*QC*1*PATIENT*JOHN*M***MI*1234567895~
NM1*82*1*PROVIDER*JANE*M***XX*1234567890~
REF*D9*PATIENT000345~
REF*1W*1234567895~
AMT*AU*990.00~
AMT*D*247.50~
AMT*F5*495.00~
SVC*HC:99213*4950.00*3960.00*UN*1~
DTM*472*D8*20251206~
CAS*CO*45*247.50~
CAS*PR*1*247.50~
CAS*PR*2*495.00~LX*346~
CLP*CLAIM000346*1*4960.00*3968.00*0*11*1234567896*20251205*1~
CAS*PR*1*248.00~
CAS*PR*2*496.00~
CAS*CO*45*248.00~
NM1*QC*1*PATIENT*JOHN*M***MI*1234567896~
NM1*82*1*PROVIDER*JANE*M***XX*1234567890~
REF*D9*PATIENT000346~
REF*1W*1234567896~
AMT*AU*992.00~
AMT*D*248.00~
AMT*F5*496.00~
SVC*HC:99213*4960.00*3968.00*UN*1~
DTM*472*D8*20251205~
CAS*CO*45*248.00~
CAS*PR*1*248.00~
CAS*PR*2*496.00~LX*347~
CLP*CLAIM000347*1*4970.00*3976.00*0*11*1234567897*20251204*1~
CAS*PR*1*248.50~
CAS*PR*2*497.00~
CAS*CO*45*248.50~
NM1*QC*1*PATIENT*JOHN*M***MI*1234567897~
NM1*82*1*PROVIDER*JANE*M***XX*1234567890~
REF*D9*PATIENT000347~
REF*1W*1234567897~
AMT*AU*994.00~
AMT*D*248.50~
AMT*F5*497.00~
SVC*HC:99213*4970.00*3976.00*UN*1~
DTM*472*D8*20251204~
CAS*CO*45*248.50~
CAS*PR*1*248.50~
CAS*PR*2*497.00~LX*348~
CLP*CLAIM000348*1*4980.00*3984.00*0*11*1234567898*20251203*1~
CAS*PR*1*249.00~
CAS*PR*2*498.00~
CAS*CO*45*249.00~
NM1*QC*1*PATIENT*JOHN*M***MI*1234567898~
NM1*82*1*PROVIDER*JANE*M***XX*1234567890~
REF*D9*PATIENT000348~
REF*1W*1234567898~
AMT*AU*996.00~
AMT*D*249.00~
AMT*F5*498.00~
SVC*HC:99213*4980.00*3984.00*UN*1~
DTM*472*D8*20251203~
CAS*CO*45*249.00~
CAS*PR*1*249.00~
CAS*PR*2*498.00~LX*349~
CLP*CLAIM000349*1*4990.00*3992.00*0*11*1234567899*20251202*1~
CAS*PR*1*249.50~
CAS*PR*2*499.00~
CAS*CO*45*249.50~
NM1*QC*1*PATIENT*JOHN*M***MI*1234567899~
NM1*82*1*PROVIDER*JANE*M***XX*1234567890~
REF*D9*PATIENT000349~
REF*1W*1234567899~
AMT*AU*998.00~
AMT*D*249.50~
AMT*F5*499.00~
SVC*HC:99213*4990.00*3992.00*UN*1~
DTM*472*D8*20251202~
CAS*CO*45*249.50~
CAS*PR*1*249.50~
CAS*PR*2*499.00~LX*350~
CLP*CLAIM000350*1*5000.00*4000.00*0*11*1234567890*20251201*1~
CAS*PR*1*250.00~
CAS*PR*2*500.00~
CAS*CO*45*250.00~
NM1*QC*1*PATIENT*JOHN*M***MI*1234567890~
NM1*82*1*PROVIDER*JANE*M***XX*1234567890~
REF*D9*PATIENT000350~
REF*1W*1234567890~
AMT*AU*1000.00~
AMT*D*250.00~
AMT*F5*500.00~
SVC*HC:99213*5000.00*4000.00*UN*1~
DTM*472*D8*20251201~
CAS*CO*45*250.00~
CAS*PR*1*250.00~
CAS*PR*2*500.00~LX*351~
CLP*CLAIM000351*1*5010.00*4008.00*0*11*1234567891*20251130*1~
CAS*PR*1*250.50~
CAS*PR*2*501.00~
CAS*CO*45*250.50~
NM1*QC*1*PATIENT*JOHN*M***MI*1234567891~
NM1*82*1*PROVIDER*JANE*M***XX*1234567890~
REF*D9*PATIENT000351~
REF*1W*1234567891~
AMT*AU*1002.00~
AMT*D*250.50~
AMT*F5*501.00~
SVC*HC:99213*5010.00*4008.00*UN*1~
DTM*472*D8*20251130~
CAS*CO*45*250.50~
CAS*PR*1*250.50~
CAS*PR*2*501.00~LX*352~
CLP*CLAIM000352*1*5020.00*4016.00*0*11*1234567892*20251129*1~
CAS*PR*1*251.00~
CAS*PR*2*502.00~
CAS*CO*45*251.00~
NM1*QC*1*PATIENT*JOHN*M***MI*1234567892~
NM1*82*1*PROVIDER*JANE*M***XX*1234567890~
REF*D9*PATIENT000352~
REF*1W*1234567892~
AMT*AU*1004.00~
AMT*D*251.00~
AMT*F5*502.00~
SVC*HC:99213*5020.00*4016.00*UN*1~
DTM*472*D8*20251129~
CAS*CO*45*251.00~
CAS*PR*1*251.00~
CAS*PR*2*502.00~LX*353~
CLP*CLAIM000353*1*5030.00*4024.00*0*11*1234567893*20251128*1~
CAS*PR*1*251.50~
CAS*PR*2*503.00~
CAS*CO*45*251.50~
NM1*QC*1*PATIENT*JOHN*M***MI*1234567893~
NM1*82*1*PROVIDER*JANE*M***XX*1234567890~
REF*D9*PATIENT000353~
REF*1W*1234567893~
AMT*AU*1006.00~
AMT*D*251.50~
AMT*F5*503.00~
SVC*HC:99213*5030.00*4024.00*UN*1~
DTM*472*D8*20251128~
CAS*CO*45*251.50~
CAS*PR*1*251.50~
CAS*PR*2*503.00~LX*354~
CLP*CLAIM000354*1*5040.00*4032.00*0*11*1234567894*20251127*1~
CAS*PR*1*252.00~
CAS*PR*2*504.00~
CAS*CO*45*252.00~
NM1*QC*1*PATIENT*JOHN*M***MI*1234567894~
NM1*82*1*PROVIDER*JANE*M***XX*1234567890~
REF*D9*PATIENT000354~
REF*1W*1234567894~
AMT*AU*1008.00~
AMT*D*252.00~
AMT*F5*504.00~
SVC*HC:99213*5040.00*4032.00*UN*1~
DTM*472*D8*20251127~
CAS*CO*45*252.00~
CAS*PR*1*252.00~
CAS*PR*2*504.00~LX*355~
CLP*CLAIM000355*1*5050.00*4040.00*0*11*1234567895*20251126*1~
CAS*PR*1*252.50~
CAS*PR*2*505.00~
CAS*CO*45*252.50~
NM1*QC*1*PATIENT*JOHN*M***MI*1234567895~
NM1*82*1*PROVIDER*JANE*M***XX*1234567890~
REF*D9*PATIENT000355~
REF*1W*1234567895~
AMT*AU*1010.00~
AMT*D*252.50~
AMT*F5*505.00~
SVC*HC:99213*5050.00*4040.00*UN*1~
DTM*472*D8*20251126~
CAS*CO*45*252.50~
CAS*PR*1*252.50~
CAS*PR*2*505.00~LX*356~
CLP*CLAIM000356*1*5060.00*4048.00*0*11*1234567896*20251125*1~
CAS*PR*1*253.00~
CAS*PR*2*506.00~
CAS*CO*45*253.00~
NM1*QC*1*PATIENT*JOHN*M***MI*1234567896~
NM1*82*1*PROVIDER*JANE*M***XX*1234567890~
REF*D9*PATIENT000356~
REF*1W*1234567896~
AMT*AU*1012.00~
AMT*D*253.00~
AMT*F5*506.00~
SVC*HC:99213*5060.00*4048.00*UN*1~
DTM*472*D8*20251125~
CAS*CO*45*253.00~
CAS*PR*1*253.00~
CAS*PR*2*506.00~LX*357~
CLP*CLAIM000357*1*5070.00*4056.00*0*11*1234567897*20251124*1~
CAS*PR*1*253.50~
CAS*PR*2*507.00~
CAS*CO*45*253.50~
NM1*QC*1*PATIENT*JOHN*M***MI*1234567897~
NM1*82*1*PROVIDER*JANE*M***XX*1234567890~
REF*D9*PATIENT000357~
REF*1W*1234567897~
AMT*AU*1014.00~
AMT*D*253.50~
AMT*F5*507.00~
SVC*HC:99213*5070.00*4056.00*UN*1~
DTM*472*D8*20251124~
CAS*CO*45*253.50~
CAS*PR*1*253.50~
CAS*PR*2*507.00~LX*358~
CLP*CLAIM000358*1*5080.00*4064.00*0*11*1234567898*20251123*1~
CAS*PR*1*254.00~
CAS*PR*2*508.00~
CAS*CO*45*254.00~
NM1*QC*1*PATIENT*JOHN*M***MI*1234567898~
NM1*82*1*PROVIDER*JANE*M***XX*1234567890~
REF*D9*PATIENT000358~
REF*1W*1234567898~
AMT*AU*1016.00~
AMT*D*254.00~
AMT*F5*508.00~
SVC*HC:99213*5080.00*4064.00*UN*1~
DTM*472*D8*20251123~
CAS*CO*45*254.00~
CAS*PR*1*254.00~
CAS*PR*2*508.00~LX*359~
CLP*CLAIM000359*1*5090.00*4072.00*0*11*1234567899*20251122*1~
CAS*PR*1*254.50~
CAS*PR*2*509.00~
CAS*CO*45*254.50~
NM1*QC*1*PATIENT*JOHN*M***MI*1234567899~
NM1*82*1*PROVIDER*JANE*M***XX*1234567890~
REF*D9*PATIENT000359~
REF*1W*1234567899~
AMT*AU*1018.00~
AMT*D*254.50~
AMT*F5*509.00~
SVC*HC:99213*5090.00*4072.00*UN*1~
DTM*472*D8*20251122~
CAS*CO*45*254.50~
CAS*PR*1*254.50~
CAS*PR*2*509.00~LX*360~
CLP*CLAIM000360*1*5100.00*4080.00*0*11*1234567890*20251221*1~
CAS*PR*1*255.00~
CAS*PR*2*510.00~
CAS*CO*45*255.00~
NM1*QC*1*PATIENT*JOHN*M***MI*1234567890~
NM1*82*1*PROVIDER*JANE*M***XX*1234567890~
REF*D9*PATIENT000360~
REF*1W*1234567890~
AMT*AU*1020.00~
AMT*D*255.00~
AMT*F5*510.00~
SVC*HC:99213*5100.00*4080.00*UN*1~
DTM*472*D8*20251221~
CAS*CO*45*255.00~
CAS*PR*1*255.00~
CAS*PR*2*510.00~LX*361~
CLP*CLAIM000361*1*5110.00*4088.00*0*11*1234567891*20251220*1~
CAS*PR*1*255.50~
CAS*PR*2*511.00~
CAS*CO*45*255.50~
NM1*QC*1*PATIENT*JOHN*M***MI*1234567891~
NM1*82*1*PROVIDER*JANE*M***XX*1234567890~
REF*D9*PATIENT000361~
REF*1W*1234567891~
AMT*AU*1022.00~
AMT*D*255.50~
AMT*F5*511.00~
SVC*HC:99213*5110.00*4088.00*UN*1~
DTM*472*D8*20251220~
CAS*CO*45*255.50~
CAS*PR*1*255.50~
CAS*PR*2*511.00~LX*362~
CLP*CLAIM000362*1*5120.00*4096.00*0*11*1234567892*20251219*1~
CAS*PR*1*256.00~
CAS*PR*2*512.00~
CAS*CO*45*256.00~
NM1*QC*1*PATIENT*JOHN*M***MI*1234567892~
NM1*82*1*PROVIDER*JANE*M***XX*1234567890~
REF*D9*PATIENT000362~
REF*1W*1234567892~
AMT*AU*1024.00~
AMT*D*256.00~
AMT*F5*512.00~
SVC*HC:99213*5120.00*4096.00*UN*1~
DTM*472*D8*20251219~
CAS*CO*45*256.00~
CAS*PR*1*256.00~
CAS*PR*2*512.00~LX*363~
CLP*CLAIM000363*1*5130.00*4104.00*0*11*1234567893*20251218*1~
CAS*PR*1*256.50~
CAS*PR*2*513.00~
CAS*CO*45*256.50~
NM1*QC*1*PATIENT*JOHN*M***MI*1234567893~
NM1*82*1*PROVIDER*JANE*M***XX*1234567890~
REF*D9*PATIENT000363~
REF*1W*1234567893~
AMT*AU*1026.00~
AMT*D*256.50~
AMT*F5*513.00~
SVC*HC:99213*5130.00*4104.00*UN*1~
DTM*472*D8*20251218~
CAS*CO*45*256.50~
CAS*PR*1*256.50~
CAS*PR*2*513.00~LX*364~
CLP*CLAIM000364*1*5140.00*4112.00*0*11*1234567894*20251217*1~
CAS*PR*1*257.00~
CAS*PR*2*514.00~
CAS*CO*45*257.00~
NM1*QC*1*PATIENT*JOHN*M***MI*1234567894~
NM1*82*1*PROVIDER*JANE*M***XX*1234567890~
REF*D9*PATIENT000364~
REF*1W*1234567894~
AMT*AU*1028.00~
AMT*D*257.00~
AMT*F5*514.00~
SVC*HC:99213*5140.00*4112.00*UN*1~
DTM*472*D8*20251217~
CAS*CO*45*257.00~
CAS*PR*1*257.00~
CAS*PR*2*514.00~LX*365~
CLP*CLAIM000365*1*5150.00*4120.00*0*11*1234567895*20251216*1~
CAS*PR*1*257.50~
CAS*PR*2*515.00~
CAS*CO*45*257.50~
NM1*QC*1*PATIENT*JOHN*M***MI*1234567895~
NM1*82*1*PROVIDER*JANE*M***XX*1234567890~
REF*D9*PATIENT000365~
REF*1W*1234567895~
AMT*AU*1030.00~
AMT*D*257.50~
AMT*F5*515.00~
SVC*HC:99213*5150.00*4120.00*UN*1~
DTM*472*D8*20251216~
CAS*CO*45*257.50~
CAS*PR*1*257.50~
CAS*PR*2*515.00~LX*366~
CLP*CLAIM000366*1*5160.00*4128.00*0*11*1234567896*20251215*1~
CAS*PR*1*258.00~
CAS*PR*2*516.00~
CAS*CO*45*258.00~
NM1*QC*1*PATIENT*JOHN*M***MI*1234567896~
NM1*82*1*PROVIDER*JANE*M***XX*1234567890~
REF*D9*PATIENT000366~
REF*1W*1234567896~
AMT*AU*1032.00~
AMT*D*258.00~
AMT*F5*516.00~
SVC*HC:99213*5160.00*4128.00*UN*1~
DTM*472*D8*20251215~
CAS*CO*45*258.00~
CAS*PR*1*258.00~
CAS*PR*2*516.00~LX*367~
CLP*CLAIM000367*1*5170.00*4136.00*0*11*1234567897*20251214*1~
CAS*PR*1*258.50~
CAS*PR*2*517.00~
CAS*CO*45*258.50~
NM1*QC*1*PATIENT*JOHN*M***MI*1234567897~
NM1*82*1*PROVIDER*JANE*M***XX*1234567890~
REF*D9*PATIENT000367~
REF*1W*1234567897~
AMT*AU*1034.00~
AMT*D*258.50~
AMT*F5*517.00~
SVC*HC:99213*5170.00*4136.00*UN*1~
DTM*472*D8*20251214~
CAS*CO*45*258.50~
CAS*PR*1*258.50~
CAS*PR*2*517.00~LX*368~
CLP*CLAIM000368*1*5180.00*4144.00*0*11*1234567898*20251213*1~
CAS*PR*1*259.00~
CAS*PR*2*518.00~
CAS*CO*45*259.00~
NM1*QC*1*PATIENT*JOHN*M***MI*1234567898~
NM1*82*1*PROVIDER*JANE*M***XX*1234567890~
REF*D9*PATIENT000368~
REF*1W*1234567898~
AMT*AU*1036.00~
AMT*D*259.00~
AMT*F5*518.00~
SVC*HC:99213*5180.00*4144.00*UN*1~
DTM*472*D8*20251213~
CAS*CO*45*259.00~
CAS*PR*1*259.00~
CAS*PR*2*518.00~LX*369~
CLP*CLAIM000369*1*5190.00*4152.00*0*11*1234567899*20251212*1~
CAS*PR*1*259.50~
CAS*PR*2*519.00~
CAS*CO*45*259.50~
NM1*QC*1*PATIENT*JOHN*M***MI*1234567899~
NM1*82*1*PROVIDER*JANE*M***XX*1234567890~
REF*D9*PATIENT000369~
REF*1W*1234567899~
AMT*AU*1038.00~
AMT*D*259.50~
AMT*F5*519.00~
SVC*HC:99213*5190.00*4152.00*UN*1~
DTM*472*D8*20251212~
CAS*CO*45*259.50~
CAS*PR*1*259.50~
CAS*PR*2*519.00~LX*370~
CLP*CLAIM000370*1*5200.00*4160.00*0*11*1234567890*20251211*1~
CAS*PR*1*260.00~
CAS*PR*2*520.00~
CAS*CO*45*260.00~
NM1*QC*1*PATIENT*JOHN*M***MI*1234567890~
NM1*82*1*PROVIDER*JANE*M***XX*1234567890~
REF*D9*PATIENT000370~
REF*1W*1234567890~
AMT*AU*1040.00~
AMT*D*260.00~
AMT*F5*520.00~
SVC*HC:99213*5200.00*4160.00*UN*1~
DTM*472*D8*20251211~
CAS*CO*45*260.00~
CAS*PR*1*260.00~
CAS*PR*2*520.00~LX*371~
CLP*CLAIM000371*1*5210.00*4168.00*0*11*1234567891*20251210*1~
CAS*PR*1*260.50~
CAS*PR*2*521.00~
CAS*CO*45*260.50~
NM1*QC*1*PATIENT*JOHN*M***MI*1234567891~
NM1*82*1*PROVIDER*JANE*M***XX*1234567890~
REF*D9*PATIENT000371~
REF*1W*1234567891~
AMT*AU*1042.00~
AMT*D*260.50~
AMT*F5*521.00~
SVC*HC:99213*5210.00*4168.00*UN*1~
DTM*472*D8*20251210~
CAS*CO*45*260.50~
CAS*PR*1*260.50~
CAS*PR*2*521.00~LX*372~
CLP*CLAIM000372*1*5220.00*4176.00*0*11*1234567892*20251209*1~
CAS*PR*1*261.00~
CAS*PR*2*522.00~
CAS*CO*45*261.00~
NM1*QC*1*PATIENT*JOHN*M***MI*1234567892~
NM1*82*1*PROVIDER*JANE*M***XX*1234567890~
REF*D9*PATIENT000372~
REF*1W*1234567892~
AMT*AU*1044.00~
AMT*D*261.00~
AMT*F5*522.00~
SVC*HC:99213*5220.00*4176.00*UN*1~
DTM*472*D8*20251209~
CAS*CO*45*261.00~
CAS*PR*1*261.00~
CAS*PR*2*522.00~LX*373~
CLP*CLAIM000373*1*5230.00*4184.00*0*11*1234567893*20251208*1~
CAS*PR*1*261.50~
CAS*PR*2*523.00~
CAS*CO*45*261.50~
NM1*QC*1*PATIENT*JOHN*M***MI*1234567893~
NM1*82*1*PROVIDER*JANE*M***XX*1234567890~
REF*D9*PATIENT000373~
REF*1W*1234567893~
AMT*AU*1046.00~
AMT*D*261.50~
AMT*F5*523.00~
SVC*HC:99213*5230.00*4184.00*UN*1~
DTM*472*D8*20251208~
CAS*CO*45*261.50~
CAS*PR*1*261.50~
CAS*PR*2*523.00~LX*374~
CLP*CLAIM000374*1*5240.00*4192.00*0*11*1234567894*20251207*1~
CAS*PR*1*262.00~
CAS*PR*2*524.00~
CAS*CO*45*262.00~
NM1*QC*1*PATIENT*JOHN*M***MI*1234567894~
NM1*82*1*PROVIDER*JANE*M***XX*1234567890~
REF*D9*PATIENT000374~
REF*1W*1234567894~
AMT*AU*1048.00~
AMT*D*262.00~
AMT*F5*524.00~
SVC*HC:99213*5240.00*4192.00*UN*1~
DTM*472*D8*20251207~
CAS*CO*45*262.00~
CAS*PR*1*262.00~
CAS*PR*2*524.00~LX*375~
CLP*CLAIM000375*1*5250.00*4200.00*0*11*1234567895*20251206*1~
CAS*PR*1*262.50~
CAS*PR*2*525.00~
CAS*CO*45*262.50~
NM1*QC*1*PATIENT*JOHN*M***MI*1234567895~
NM1*82*1*PROVIDER*JANE*M***XX*1234567890~
REF*D9*PATIENT000375~
REF*1W*1234567895~
AMT*AU*1050.00~
AMT*D*262.50~
AMT*F5*525.00~
SVC*HC:99213*5250.00*4200.00*UN*1~
DTM*472*D8*20251206~
CAS*CO*45*262.50~
CAS*PR*1*262.50~
CAS*PR*2*525.00~LX*376~
CLP*CLAIM000376*1*5260.00*4208.00*0*11*1234567896*20251205*1~
CAS*PR*1*263.00~
CAS*PR*2*526.00~
CAS*CO*45*263.00~
NM1*QC*1*PATIENT*JOHN*M***MI*1234567896~
NM1*82*1*PROVIDER*JANE*M***XX*1234567890~
REF*D9*PATIENT000376~
REF*1W*1234567896~
AMT*AU*1052.00~
AMT*D*263.00~
AMT*F5*526.00~
SVC*HC:99213*5260.00*4208.00*UN*1~
DTM*472*D8*20251205~
CAS*CO*45*263.00~
CAS*PR*1*263.00~
CAS*PR*2*526.00~LX*377~
CLP*CLAIM000377*1*5270.00*4216.00*0*11*1234567897*20251204*1~
CAS*PR*1*263.50~
CAS*PR*2*527.00~
CAS*CO*45*263.50~
NM1*QC*1*PATIENT*JOHN*M***MI*1234567897~
NM1*82*1*PROVIDER*JANE*M***XX*1234567890~
REF*D9*PATIENT000377~
REF*1W*1234567897~
AMT*AU*1054.00~
AMT*D*263.50~
AMT*F5*527.00~
SVC*HC:99213*5270.00*4216.00*UN*1~
DTM*472*D8*20251204~
CAS*CO*45*263.50~
CAS*PR*1*263.50~
CAS*PR*2*527.00~LX*378~
CLP*CLAIM000378*1*5280.00*4224.00*0*11*1234567898*20251203*1~
CAS*PR*1*264.00~
CAS*PR*2*528.00~
CAS*CO*45*264.00~
NM1*QC*1*PATIENT*JOHN*M***MI*1234567898~
NM1*82*1*PROVIDER*JANE*M***XX*1234567890~
REF*D9*PATIENT000378~
REF*1W*1234567898~
AMT*AU*1056.00~
AMT*D*264.00~
AMT*F5*528.00~
SVC*HC:99213*5280.00*4224.00*UN*1~
DTM*472*D8*20251203~
CAS*CO*45*264.00~
CAS*PR*1*264.00~
CAS*PR*2*528.00~LX*379~
CLP*CLAIM000379*1*5290.00*4232.00*0*11*1234567899*20251202*1~
CAS*PR*1*264.50~
CAS*PR*2*529.00~
CAS*CO*45*264.50~
NM1*QC*1*PATIENT*JOHN*M***MI*1234567899~
NM1*82*1*PROVIDER*JANE*M***XX*1234567890~
REF*D9*PATIENT000379~
REF*1W*1234567899~
AMT*AU*1058.00~
AMT*D*264.50~
AMT*F5*529.00~
SVC*HC:99213*5290.00*4232.00*UN*1~
DTM*472*D8*20251202~
CAS*CO*45*264.50~
CAS*PR*1*264.50~
CAS*PR*2*529.00~LX*380~
CLP*CLAIM000380*1*5300.00*4240.00*0*11*1234567890*20251201*1~
CAS*PR*1*265.00~
CAS*PR*2*530.00~
CAS*CO*45*265.00~
NM1*QC*1*PATIENT*JOHN*M***MI*1234567890~
NM1*82*1*PROVIDER*JANE*M***XX*1234567890~
REF*D9*PATIENT000380~
REF*1W*1234567890~
AMT*AU*1060.00~
AMT*D*265.00~
AMT*F5*530.00~
SVC*HC:99213*5300.00*4240.00*UN*1~
DTM*472*D8*20251201~
CAS*CO*45*265.00~
CAS*PR*1*265.00~
CAS*PR*2*530.00~LX*381~
CLP*CLAIM000381*1*5310.00*4248.00*0*11*1234567891*20251130*1~
CAS*PR*1*265.50~
CAS*PR*2*531.00~
CAS*CO*45*265.50~
NM1*QC*1*PATIENT*JOHN*M***MI*1234567891~
NM1*82*1*PROVIDER*JANE*M***XX*1234567890~
REF*D9*PATIENT000381~
REF*1W*1234567891~
AMT*AU*1062.00~
AMT*D*265.50~
AMT*F5*531.00~
SVC*HC:99213*5310.00*4248.00*UN*1~
DTM*472*D8*20251130~
CAS*CO*45*265.50~
CAS*PR*1*265.50~
CAS*PR*2*531.00~LX*382~
CLP*CLAIM000382*1*5320.00*4256.00*0*11*1234567892*20251129*1~
CAS*PR*1*266.00~
CAS*PR*2*532.00~
CAS*CO*45*266.00~
NM1*QC*1*PATIENT*JOHN*M***MI*1234567892~
NM1*82*1*PROVIDER*JANE*M***XX*1234567890~
REF*D9*PATIENT000382~
REF*1W*1234567892~
AMT*AU*1064.00~
AMT*D*266.00~
AMT*F5*532.00~
SVC*HC:99213*5320.00*4256.00*UN*1~
DTM*472*D8*20251129~
CAS*CO*45*266.00~
CAS*PR*1*266.00~
CAS*PR*2*532.00~LX*383~
CLP*CLAIM000383*1*5330.00*4264.00*0*11*1234567893*20251128*1~
CAS*PR*1*266.50~
CAS*PR*2*533.00~
CAS*CO*45*266.50~
NM1*QC*1*PATIENT*JOHN*M***MI*1234567893~
NM1*82*1*PROVIDER*JANE*M***XX*1234567890~
REF*D9*PATIENT000383~
REF*1W*1234567893~
AMT*AU*1066.00~
AMT*D*266.50~
AMT*F5*533.00~
SVC*HC:99213*5330.00*4264.00*UN*1~
DTM*472*D8*20251128~
CAS*CO*45*266.50~
CAS*PR*1*266.50~
CAS*PR*2*533.00~LX*384~
CLP*CLAIM000384*1*5340.00*4272.00*0*11*1234567894*20251127*1~
CAS*PR*1*267.00~
CAS*PR*2*534.00~
CAS*CO*45*267.00~
NM1*QC*1*PATIENT*JOHN*M***MI*1234567894~
NM1*82*1*PROVIDER*JANE*M***XX*1234567890~
REF*D9*PATIENT000384~
REF*1W*1234567894~
AMT*AU*1068.00~
AMT*D*267.00~
AMT*F5*534.00~
SVC*HC:99213*5340.00*4272.00*UN*1~
DTM*472*D8*20251127~
CAS*CO*45*267.00~
CAS*PR*1*267.00~
CAS*PR*2*534.00~LX*385~
CLP*CLAIM000385*1*5350.00*4280.00*0*11*1234567895*20251126*1~
CAS*PR*1*267.50~
CAS*PR*2*535.00~
CAS*CO*45*267.50~
NM1*QC*1*PATIENT*JOHN*M***MI*1234567895~
NM1*82*1*PROVIDER*JANE*M***XX*1234567890~
REF*D9*PATIENT000385~
REF*1W*1234567895~
AMT*AU*1070.00~
AMT*D*267.50~
AMT*F5*535.00~
SVC*HC:99213*5350.00*4280.00*UN*1~
DTM*472*D8*20251126~
CAS*CO*45*267.50~
CAS*PR*1*267.50~
CAS*PR*2*535.00~LX*386~
CLP*CLAIM000386*1*5360.00*4288.00*0*11*1234567896*20251125*1~
CAS*PR*1*268.00~
CAS*PR*2*536.00~
CAS*CO*45*268.00~
NM1*QC*1*PATIENT*JOHN*M***MI*1234567896~
NM1*82*1*PROVIDER*JANE*M***XX*1234567890~
REF*D9*PATIENT000386~
REF*1W*1234567896~
AMT*AU*1072.00~
AMT*D*268.00~
AMT*F5*536.00~
SVC*HC:99213*5360.00*4288.00*UN*1~
DTM*472*D8*20251125~
CAS*CO*45*268.00~
CAS*PR*1*268.00~
CAS*PR*2*536.00~LX*387~
CLP*CLAIM000387*1*5370.00*4296.00*0*11*1234567897*20251124*1~
CAS*PR*1*268.50~
CAS*PR*2*537.00~
CAS*CO*45*268.50~
NM1*QC*1*PATIENT*JOHN*M***MI*1234567897~
NM1*82*1*PROVIDER*JANE*M***XX*1234567890~
REF*D9*PATIENT000387~
REF*1W*1234567897~
AMT*AU*1074.00~
AMT*D*268.50~
AMT*F5*537.00~
SVC*HC:99213*5370.00*4296.00*UN*1~
DTM*472*D8*20251124~
CAS*CO*45*268.50~
CAS*PR*1*268.50~
CAS*PR*2*537.00~LX*388~
CLP*CLAIM000388*1*5380.00*4304.00*0*11*1234567898*20251123*1~
CAS*PR*1*269.00~
CAS*PR*2*538.00~
CAS*CO*45*269.00~
NM1*QC*1*PATIENT*JOHN*M***MI*1234567898~
NM1*82*1*PROVIDER*JANE*M***XX*1234567890~
REF*D9*PATIENT000388~
REF*1W*1234567898~
AMT*AU*1076.00~
AMT*D*269.00~
AMT*F5*538.00~
SVC*HC:99213*5380.00*4304.00*UN*1~
DTM*472*D8*20251123~
CAS*CO*45*269.00~
CAS*PR*1*269.00~
CAS*PR*2*538.00~LX*389~
CLP*CLAIM000389*1*5390.00*4312.00*0*11*1234567899*20251122*1~
CAS*PR*1*269.50~
CAS*PR*2*539.00~
CAS*CO*45*269.50~
NM1*QC*1*PATIENT*JOHN*M***MI*1234567899~
NM1*82*1*PROVIDER*JANE*M***XX*1234567890~
REF*D9*PATIENT000389~
REF*1W*1234567899~
AMT*AU*1078.00~
AMT*D*269.50~
AMT*F5*539.00~
SVC*HC:99213*5390.00*4312.00*UN*1~
DTM*472*D8*20251122~
CAS*CO*45*269.50~
CAS*PR*1*269.50~
CAS*PR*2*539.00~LX*390~
CLP*CLAIM000390*1*5400.00*4320.00*0*11*1234567890*20251221*1~
CAS*PR*1*270.00~
CAS*PR*2*540.00~
CAS*CO*45*270.00~
NM1*QC*1*PATIENT*JOHN*M***MI*1234567890~
NM1*82*1*PROVIDER*JANE*M***XX*1234567890~
REF*D9*PATIENT000390~
REF*1W*1234567890~
AMT*AU*1080.00~
AMT*D*270.00~
AMT*F5*540.00~
SVC*HC:99213*5400.00*4320.00*UN*1~
DTM*472*D8*20251221~
CAS*CO*45*270.00~
CAS*PR*1*270.00~
CAS*PR*2*540.00~LX*391~
CLP*CLAIM000391*1*5410.00*4328.00*0*11*1234567891*20251220*1~
CAS*PR*1*270.50~
CAS*PR*2*541.00~
CAS*CO*45*270.50~
NM1*QC*1*PATIENT*JOHN*M***MI*1234567891~
NM1*82*1*PROVIDER*JANE*M***XX*1234567890~
REF*D9*PATIENT000391~
REF*1W*1234567891~
AMT*AU*1082.00~
AMT*D*270.50~
AMT*F5*541.00~
SVC*HC:99213*5410.00*4328.00*UN*1~
DTM*472*D8*20251220~
CAS*CO*45*270.50~
CAS*PR*1*270.50~
CAS*PR*2*541.00~LX*392~
CLP*CLAIM000392*1*5420.00*4336.00*0*11*1234567892*20251219*1~
CAS*PR*1*271.00~
CAS*PR*2*542.00~
CAS*CO*45*271.00~
NM1*QC*1*PATIENT*JOHN*M***MI*1234567892~
NM1*82*1*PROVIDER*JANE*M***XX*1234567890~
REF*D9*PATIENT000392~
REF*1W*1234567892~
AMT*AU*1084.00~
AMT*D*271.00~
AMT*F5*542.00~
SVC*HC:99213*5420.00*4336.00*UN*1~
DTM*472*D8*20251219~
CAS*CO*45*271.00~
CAS*PR*1*271.00~
CAS*PR*2*542.00~LX*393~
CLP*CLAIM000393*1*5430.00*4344.00*0*11*1234567893*20251218*1~
CAS*PR*1*271.50~
CAS*PR*2*543.00~
CAS*CO*45*271.50~
NM1*QC*1*PATIENT*JOHN*M***MI*1234567893~
NM1*82*1*PROVIDER*JANE*M***XX*1234567890~
REF*D9*PATIENT000393~
REF*1W*1234567893~
AMT*AU*1086.00~
AMT*D*271.50~
AMT*F5*543.00~
SVC*HC:99213*5430.00*4344.00*UN*1~
DTM*472*D8*20251218~
CAS*CO*45*271.50~
CAS*PR*1*271.50~
CAS*PR*2*543.00~LX*394~
CLP*CLAIM000394*1*5440.00*4352.00*0*11*1234567894*20251217*1~
CAS*PR*1*272.00~
CAS*PR*2*544.00~
CAS*CO*45*272.00~
NM1*QC*1*PATIENT*JOHN*M***MI*1234567894~
NM1*82*1*PROVIDER*JANE*M***XX*1234567890~
REF*D9*PATIENT000394~
REF*1W*1234567894~
AMT*AU*1088.00~
AMT*D*272.00~
AMT*F5*544.00~
SVC*HC:99213*5440.00*4352.00*UN*1~
DTM*472*D8*20251217~
CAS*CO*45*272.00~
CAS*PR*1*272.00~
CAS*PR*2*544.00~LX*395~
CLP*CLAIM000395*1*5450.00*4360.00*0*11*1234567895*20251216*1~
CAS*PR*1*272.50~
CAS*PR*2*545.00~
CAS*CO*45*272.50~
NM1*QC*1*PATIENT*JOHN*M***MI*1234567895~
NM1*82*1*PROVIDER*JANE*M***XX*1234567890~
REF*D9*PATIENT000395~
REF*1W*1234567895~
AMT*AU*1090.00~
AMT*D*272.50~
AMT*F5*545.00~
SVC*HC:99213*5450.00*4360.00*UN*1~
DTM*472*D8*20251216~
CAS*CO*45*272.50~
CAS*PR*1*272.50~
CAS*PR*2*545.00~LX*396~
CLP*CLAIM000396*1*5460.00*4368.00*0*11*1234567896*20251215*1~
CAS*PR*1*273.00~
CAS*PR*2*546.00~
CAS*CO*45*273.00~
NM1*QC*1*PATIENT*JOHN*M***MI*1234567896~
NM1*82*1*PROVIDER*JANE*M***XX*1234567890~
REF*D9*PATIENT000396~
REF*1W*1234567896~
AMT*AU*1092.00~
AMT*D*273.00~
AMT*F5*546.00~
SVC*HC:99213*5460.00*4368.00*UN*1~
DTM*472*D8*20251215~
CAS*CO*45*273.00~
CAS*PR*1*273.00~
CAS*PR*2*546.00~LX*397~
CLP*CLAIM000397*1*5470.00*4376.00*0*11*1234567897*20251214*1~
CAS*PR*1*273.50~
CAS*PR*2*547.00~
CAS*CO*45*273.50~
NM1*QC*1*PATIENT*JOHN*M***MI*1234567897~
NM1*82*1*PROVIDER*JANE*M***XX*1234567890~
REF*D9*PATIENT000397~
REF*1W*1234567897~
AMT*AU*1094.00~
AMT*D*273.50~
AMT*F5*547.00~
SVC*HC:99213*5470.00*4376.00*UN*1~
DTM*472*D8*20251214~
CAS*CO*45*273.50~
CAS*PR*1*273.50~
CAS*PR*2*547.00~LX*398~
CLP*CLAIM000398*1*5480.00*4384.00*0*11*1234567898*20251213*1~
CAS*PR*1*274.00~
CAS*PR*2*548.00~
CAS*CO*45*274.00~
NM1*QC*1*PATIENT*JOHN*M***MI*1234567898~
NM1*82*1*PROVIDER*JANE*M***XX*1234567890~
REF*D9*PATIENT000398~
REF*1W*1234567898~
AMT*AU*1096.00~
AMT*D*274.00~
AMT*F5*548.00~
SVC*HC:99213*5480.00*4384.00*UN*1~
DTM*472*D8*20251213~
CAS*CO*45*274.00~
CAS*PR*1*274.00~
CAS*PR*2*548.00~LX*399~
CLP*CLAIM000399*1*5490.00*4392.00*0*11*1234567899*20251212*1~
CAS*PR*1*274.50~
CAS*PR*2*549.00~
CAS*CO*45*274.50~
NM1*QC*1*PATIENT*JOHN*M***MI*1234567899~
NM1*82*1*PROVIDER*JANE*M***XX*1234567890~
REF*D9*PATIENT000399~
REF*1W*1234567899~
AMT*AU*1098.00~
AMT*D*274.50~
AMT*F5*549.00~
SVC*HC:99213*5490.00*4392.00*UN*1~
DTM*472*D8*20251212~
CAS*CO*45*274.50~
CAS*PR*1*274.50~
CAS*PR*2*549.00~LX*400~
CLP*CLAIM000400*1*5500.00*4400.00*0*11*1234567890*20251211*1~
CAS*PR*1*275.00~
CAS*PR*2*550.00~
CAS*CO*45*275.00~
NM1*QC*1*PATIENT*JOHN*M***MI*1234567890~
NM1*82*1*PROVIDER*JANE*M***XX*1234567890~
REF*D9*PATIENT000400~
REF*1W*1234567890~
AMT*AU*1100.00~
AMT*D*275.00~
AMT*F5*550.00~
SVC*HC:99213*5500.00*4400.00*UN*1~
DTM*472*D8*20251211~
CAS*CO*45*275.00~
CAS*PR*1*275.00~
CAS*PR*2*550.00~LX*401~
CLP*CLAIM000401*1*5510.00*4408.00*0*11*1234567891*20251210*1~
CAS*PR*1*275.50~
CAS*PR*2*551.00~
CAS*CO*45*275.50~
NM1*QC*1*PATIENT*JOHN*M***MI*1234567891~
NM1*82*1*PROVIDER*JANE*M***XX*1234567890~
REF*D9*PATIENT000401~
REF*1W*1234567891~
AMT*AU*1102.00~
AMT*D*275.50~
AMT*F5*551.00~
SVC*HC:99213*5510.00*4408.00*UN*1~
DTM*472*D8*20251210~
CAS*CO*45*275.50~
CAS*PR*1*275.50~
CAS*PR*2*551.00~LX*402~
CLP*CLAIM000402*1*5520.00*4416.00*0*11*1234567892*20251209*1~
CAS*PR*1*276.00~
CAS*PR*2*552.00~
CAS*CO*45*276.00~
NM1*QC*1*PATIENT*JOHN*M***MI*1234567892~
NM1*82*1*PROVIDER*JANE*M***XX*1234567890~
REF*D9*PATIENT000402~
REF*1W*1234567892~
AMT*AU*1104.00~
AMT*D*276.00~
AMT*F5*552.00~
SVC*HC:99213*5520.00*4416.00*UN*1~
DTM*472*D8*20251209~
CAS*CO*45*276.00~
CAS*PR*1*276.00~
CAS*PR*2*552.00~LX*403~
CLP*CLAIM000403*1*5530.00*4424.00*0*11*1234567893*20251208*1~
CAS*PR*1*276.50~
CAS*PR*2*553.00~
CAS*CO*45*276.50~
NM1*QC*1*PATIENT*JOHN*M***MI*1234567893~
NM1*82*1*PROVIDER*JANE*M***XX*1234567890~
REF*D9*PATIENT000403~
REF*1W*1234567893~
AMT*AU*1106.00~
AMT*D*276.50~
AMT*F5*553.00~
SVC*HC:99213*5530.00*4424.00*UN*1~
DTM*472*D8*20251208~
CAS*CO*45*276.50~
CAS*PR*1*276.50~
CAS*PR*2*553.00~LX*404~
CLP*CLAIM000404*1*5540.00*4432.00*0*11*1234567894*20251207*1~
CAS*PR*1*277.00~
CAS*PR*2*554.00~
CAS*CO*45*277.00~
NM1*QC*1*PATIENT*JOHN*M***MI*1234567894~
NM1*82*1*PROVIDER*JANE*M***XX*1234567890~
REF*D9*PATIENT000404~
REF*1W*1234567894~
AMT*AU*1108.00~
AMT*D*277.00~
AMT*F5*554.00~
SVC*HC:99213*5540.00*4432.00*UN*1~
DTM*472*D8*20251207~
CAS*CO*45*277.00~
CAS*PR*1*277.00~
CAS*PR*2*554.00~LX*405~
CLP*CLAIM000405*1*5550.00*4440.00*0*11*1234567895*20251206*1~
CAS*PR*1*277.50~
CAS*PR*2*555.00~
CAS*CO*45*277.50~
NM1*QC*1*PATIENT*JOHN*M***MI*1234567895~
NM1*82*1*PROVIDER*JANE*M***XX*1234567890~
REF*D9*PATIENT000405~
REF*1W*1234567895~
AMT*AU*1110.00~
AMT*D*277.50~
AMT*F5*555.00~
SVC*HC:99213*5550.00*4440.00*UN*1~
DTM*472*D8*20251206~
CAS*CO*45*277.50~
CAS*PR*1*277.50~
CAS*PR*2*555.00~LX*406~
CLP*CLAIM000406*1*5560.00*4448.00*0*11*1234567896*20251205*1~
CAS*PR*1*278.00~
CAS*PR*2*556.00~
CAS*CO*45*278.00~
NM1*QC*1*PATIENT*JOHN*M***MI*1234567896~
NM1*82*1*PROVIDER*JANE*M***XX*1234567890~
REF*D9*PATIENT000406~
REF*1W*1234567896~
AMT*AU*1112.00~
AMT*D*278.00~
AMT*F5*556.00~
SVC*HC:99213*5560.00*4448.00*UN*1~
DTM*472*D8*20251205~
CAS*CO*45*278.00~
CAS*PR*1*278.00~
CAS*PR*2*556.00~LX*407~
CLP*CLAIM000407*1*5570.00*4456.00*0*11*1234567897*20251204*1~
CAS*PR*1*278.50~
CAS*PR*2*557.00~
CAS*CO*45*278.50~
NM1*QC*1*PATIENT*JOHN*M***MI*1234567897~
NM1*82*1*PROVIDER*JANE*M***XX*1234567890~
REF*D9*PATIENT000407~
REF*1W*1234567897~
AMT*AU*1114.00~
AMT*D*278.50~
AMT*F5*557.00~
SVC*HC:99213*5570.00*4456.00*UN*1~
DTM*472*D8*20251204~
CAS*CO*45*278.50~
CAS*PR*1*278.50~
CAS*PR*2*557.00~LX*408~
CLP*CLAIM000408*1*5580.00*4464.00*0*11*1234567898*20251203*1~
CAS*PR*1*279.00~
CAS*PR*2*558.00~
CAS*CO*45*279.00~
NM1*QC*1*PATIENT*JOHN*M***MI*1234567898~
NM1*82*1*PROVIDER*JANE*M***XX*1234567890~
REF*D9*PATIENT000408~
REF*1W*1234567898~
AMT*AU*1116.00~
AMT*D*279.00~
AMT*F5*558.00~
SVC*HC:99213*5580.00*4464.00*UN*1~
DTM*472*D8*20251203~
CAS*CO*45*279.00~
CAS*PR*1*279.00~
CAS*PR*2*558.00~LX*409~
CLP*CLAIM000409*1*5590.00*4472.00*0*11*1234567899*20251202*1~
CAS*PR*1*279.50~
CAS*PR*2*559.00~
CAS*CO*45*279.50~
NM1*QC*1*PATIENT*JOHN*M***MI*1234567899~
NM1*82*1*PROVIDER*JANE*M***XX*1234567890~
REF*D9*PATIENT000409~
REF*1W*1234567899~
AMT*AU*1118.00~
AMT*D*279.50~
AMT*F5*559.00~
SVC*HC:99213*5590.00*4472.00*UN*1~
DTM*472*D8*20251202~
CAS*CO*45*279.50~
CAS*PR*1*279.50~
CAS*PR*2*559.00~LX*410~
CLP*CLAIM000410*1*5600.00*4480.00*0*11*1234567890*20251201*1~
CAS*PR*1*280.00~
CAS*PR*2*560.00~
CAS*CO*45*280.00~
NM1*QC*1*PATIENT*JOHN*M***MI*1234567890~
NM1*82*1*PROVIDER*JANE*M***XX*1234567890~
REF*D9*PATIENT000410~
REF*1W*1234567890~
AMT*AU*1120.00~
AMT*D*280.00~
AMT*F5*560.00~
SVC*HC:99213*5600.00*4480.00*UN*1~
DTM*472*D8*20251201~
CAS*CO*45*280.00~
CAS*PR*1*280.00~
CAS*PR*2*560.00~LX*411~
CLP*CLAIM000411*1*5610.00*4488.00*0*11*1234567891*20251130*1~
CAS*PR*1*280.50~
CAS*PR*2*561.00~
CAS*CO*45*280.50~
NM1*QC*1*PATIENT*JOHN*M***MI*1234567891~
NM1*82*1*PROVIDER*JANE*M***XX*1234567890~
REF*D9*PATIENT000411~
REF*1W*1234567891~
AMT*AU*1122.00~
AMT*D*280.50~
AMT*F5*561.00~
SVC*HC:99213*5610.00*4488.00*UN*1~
DTM*472*D8*20251130~
CAS*CO*45*280.50~
CAS*PR*1*280.50~
CAS*PR*2*561.00~LX*412~
CLP*CLAIM000412*1*5620.00*4496.00*0*11*1234567892*20251129*1~
CAS*PR*1*281.00~
CAS*PR*2*562.00~
CAS*CO*45*281.00~
NM1*QC*1*PATIENT*JOHN*M***MI*1234567892~
NM1*82*1*PROVIDER*JANE*M***XX*1234567890~
REF*D9*PATIENT000412~
REF*1W*1234567892~
AMT*AU*1124.00~
AMT*D*281.00~
AMT*F5*562.00~
SVC*HC:99213*5620.00*4496.00*UN*1~
DTM*472*D8*20251129~
CAS*CO*45*281.00~
CAS*PR*1*281.00~
CAS*PR*2*562.00~LX*413~
CLP*CLAIM000413*1*5630.00*4504.00*0*11*1234567893*20251128*1~
CAS*PR*1*281.50~
CAS*PR*2*563.00~
CAS*CO*45*281.50~
NM1*QC*1*PATIENT*JOHN*M***MI*1234567893~
NM1*82*1*PROVIDER*JANE*M***XX*1234567890~
REF*D9*PATIENT000413~
REF*1W*1234567893~
AMT*AU*1126.00~
AMT*D*281.50~
AMT*F5*563.00~
SVC*HC:99213*5630.00*4504.00*UN*1~
DTM*472*D8*20251128~
CAS*CO*45*281.50~
CAS*PR*1*281.50~
CAS*PR*2*563.00~LX*414~
CLP*CLAIM000414*1*5640.00*4512.00*0*11*1234567894*20251127*1~
CAS*PR*1*282.00~
CAS*PR*2*564.00~
CAS*CO*45*282.00~
NM1*QC*1*PATIENT*JOHN*M***MI*1234567894~
NM1*82*1*PROVIDER*JANE*M***XX*1234567890~
REF*D9*PATIENT000414~
REF*1W*1234567894~
AMT*AU*1128.00~
AMT*D*282.00~
AMT*F5*564.00~
SVC*HC:99213*5640.00*4512.00*UN*1~
DTM*472*D8*20251127~
CAS*CO*45*282.00~
CAS*PR*1*282.00~
CAS*PR*2*564.00~LX*415~
CLP*CLAIM000415*1*5650.00*4520.00*0*11*1234567895*20251126*1~
CAS*PR*1*282.50~
CAS*PR*2*565.00~
CAS*CO*45*282.50~
NM1*QC*1*PATIENT*JOHN*M***MI*1234567895~
NM1*82*1*PROVIDER*JANE*M***XX*1234567890~
REF*D9*PATIENT000415~
REF*1W*1234567895~
AMT*AU*1130.00~
AMT*D*282.50~
AMT*F5*565.00~
SVC*HC:99213*5650.00*4520.00*UN*1~
DTM*472*D8*20251126~
CAS*CO*45*282.50~
CAS*PR*1*282.50~
CAS*PR*2*565.00~LX*416~
CLP*CLAIM000416*1*5660.00*4528.00*0*11*1234567896*20251125*1~
CAS*PR*1*283.00~
CAS*PR*2*566.00~
CAS*CO*45*283.00~
NM1*QC*1*PATIENT*JOHN*M***MI*1234567896~
NM1*82*1*PROVIDER*JANE*M***XX*1234567890~
REF*D9*PATIENT000416~
REF*1W*1234567896~
AMT*AU*1132.00~
AMT*D*283.00~
AMT*F5*566.00~
SVC*HC:99213*5660.00*4528.00*UN*1~
DTM*472*D8*20251125~
CAS*CO*45*283.00~
CAS*PR*1*283.00~
CAS*PR*2*566.00~LX*417~
CLP*CLAIM000417*1*5670.00*4536.00*0*11*1234567897*20251124*1~
CAS*PR*1*283.50~
CAS*PR*2*567.00~
CAS*CO*45*283.50~
NM1*QC*1*PATIENT*JOHN*M***MI*1234567897~
NM1*82*1*PROVIDER*JANE*M***XX*1234567890~
REF*D9*PATIENT000417~
REF*1W*1234567897~
AMT*AU*1134.00~
AMT*D*283.50~
AMT*F5*567.00~
SVC*HC:99213*5670.00*4536.00*UN*1~
DTM*472*D8*20251124~
CAS*CO*45*283.50~
CAS*PR*1*283.50~
CAS*PR*2*567.00~LX*418~
CLP*CLAIM000418*1*5680.00*4544.00*0*11*1234567898*20251123*1~
CAS*PR*1*284.00~
CAS*PR*2*568.00~
CAS*CO*45*284.00~
NM1*QC*1*PATIENT*JOHN*M***MI*1234567898~
NM1*82*1*PROVIDER*JANE*M***XX*1234567890~
REF*D9*PATIENT000418~
REF*1W*1234567898~
AMT*AU*1136.00~
AMT*D*284.00~
AMT*F5*568.00~
SVC*HC:99213*5680.00*4544.00*UN*1~
DTM*472*D8*20251123~
CAS*CO*45*284.00~
CAS*PR*1*284.00~
CAS*PR*2*568.00~LX*419~
CLP*CLAIM000419*1*5690.00*4552.00*0*11*1234567899*20251122*1~
CAS*PR*1*284.50~
CAS*PR*2*569.00~
CAS*CO*45*284.50~
NM1*QC*1*PATIENT*JOHN*M***MI*1234567899~
NM1*82*1*PROVIDER*JANE*M***XX*1234567890~
REF*D9*PATIENT000419~
REF*1W*1234567899~
AMT*AU*1138.00~
AMT*D*284.50~
AMT*F5*569.00~
SVC*HC:99213*5690.00*4552.00*UN*1~
DTM*472*D8*20251122~
CAS*CO*45*284.50~
CAS*PR*1*284.50~
CAS*PR*2*569.00~LX*420~
CLP*CLAIM000420*1*5700.00*4560.00*0*11*1234567890*20251221*1~
CAS*PR*1*285.00~
CAS*PR*2*570.00~
CAS*CO*45*285.00~
NM1*QC*1*PATIENT*JOHN*M***MI*1234567890~
NM1*82*1*PROVIDER*JANE*M***XX*1234567890~
REF*D9*PATIENT000420~
REF*1W*1234567890~
AMT*AU*1140.00~
AMT*D*285.00~
AMT*F5*570.00~
SVC*HC:99213*5700.00*4560.00*UN*1~
DTM*472*D8*20251221~
CAS*CO*45*285.00~
CAS*PR*1*285.00~
CAS*PR*2*570.00~LX*421~
CLP*CLAIM000421*1*5710.00*4568.00*0*11*1234567891*20251220*1~
CAS*PR*1*285.50~
CAS*PR*2*571.00~
CAS*CO*45*285.50~
NM1*QC*1*PATIENT*JOHN*M***MI*1234567891~
NM1*82*1*PROVIDER*JANE*M***XX*1234567890~
REF*D9*PATIENT000421~
REF*1W*1234567891~
AMT*AU*1142.00~
AMT*D*285.50~
AMT*F5*571.00~
SVC*HC:99213*5710.00*4568.00*UN*1~
DTM*472*D8*20251220~
CAS*CO*45*285.50~
CAS*PR*1*285.50~
CAS*PR*2*571.00~LX*422~
CLP*CLAIM000422*1*5720.00*4576.00*0*11*1234567892*20251219*1~
CAS*PR*1*286.00~
CAS*PR*2*572.00~
CAS*CO*45*286.00~
NM1*QC*1*PATIENT*JOHN*M***MI*1234567892~
NM1*82*1*PROVIDER*JANE*M***XX*1234567890~
REF*D9*PATIENT000422~
REF*1W*1234567892~
AMT*AU*1144.00~
AMT*D*286.00~
AMT*F5*572.00~
SVC*HC:99213*5720.00*4576.00*UN*1~
DTM*472*D8*20251219~
CAS*CO*45*286.00~
CAS*PR*1*286.00~
CAS*PR*2*572.00~LX*423~
CLP*CLAIM000423*1*5730.00*4584.00*0*11*1234567893*20251218*1~
CAS*PR*1*286.50~
CAS*PR*2*573.00~
CAS*CO*45*286.50~
NM1*QC*1*PATIENT*JOHN*M***MI*1234567893~
NM1*82*1*PROVIDER*JANE*M***XX*1234567890~
REF*D9*PATIENT000423~
REF*1W*1234567893~
AMT*AU*1146.00~
AMT*D*286.50~
AMT*F5*573.00~
SVC*HC:99213*5730.00*4584.00*UN*1~
DTM*472*D8*20251218~
CAS*CO*45*286.50~
CAS*PR*1*286.50~
CAS*PR*2*573.00~LX*424~
CLP*CLAIM000424*1*5740.00*4592.00*0*11*1234567894*20251217*1~
CAS*PR*1*287.00~
CAS*PR*2*574.00~
CAS*CO*45*287.00~
NM1*QC*1*PATIENT*JOHN*M***MI*1234567894~
NM1*82*1*PROVIDER*JANE*M***XX*1234567890~
REF*D9*PATIENT000424~
REF*1W*1234567894~
AMT*AU*1148.00~
AMT*D*287.00~
AMT*F5*574.00~
SVC*HC:99213*5740.00*4592.00*UN*1~
DTM*472*D8*20251217~
CAS*CO*45*287.00~
CAS*PR*1*287.00~
CAS*PR*2*574.00~LX*425~
CLP*CLAIM000425*1*5750.00*4600.00*0*11*1234567895*20251216*1~
CAS*PR*1*287.50~
CAS*PR*2*575.00~
CAS*CO*45*287.50~
NM1*QC*1*PATIENT*JOHN*M***MI*1234567895~
NM1*82*1*PROVIDER*JANE*M***XX*1234567890~
REF*D9*PATIENT000425~
REF*1W*1234567895~
AMT*AU*1150.00~
AMT*D*287.50~
AMT*F5*575.00~
SVC*HC:99213*5750.00*4600.00*UN*1~
DTM*472*D8*20251216~
CAS*CO*45*287.50~
CAS*PR*1*287.50~
CAS*PR*2*575.00~LX*426~
CLP*CLAIM000426*1*5760.00*4608.00*0*11*1234567896*20251215*1~
CAS*PR*1*288.00~
CAS*PR*2*576.00~
CAS*CO*45*288.00~
NM1*QC*1*PATIENT*JOHN*M***MI*1234567896~
NM1*82*1*PROVIDER*JANE*M***XX*1234567890~
REF*D9*PATIENT000426~
REF*1W*1234567896~
AMT*AU*1152.00~
AMT*D*288.00~
AMT*F5*576.00~
SVC*HC:99213*5760.00*4608.00*UN*1~
DTM*472*D8*20251215~
CAS*CO*45*288.00~
CAS*PR*1*288.00~
CAS*PR*2*576.00~LX*427~
CLP*CLAIM000427*1*5770.00*4616.00*0*11*1234567897*20251214*1~
CAS*PR*1*288.50~
CAS*PR*2*577.00~
CAS*CO*45*288.50~
NM1*QC*1*PATIENT*JOHN*M***MI*1234567897~
NM1*82*1*PROVIDER*JANE*M***XX*1234567890~
REF*D9*PATIENT000427~
REF*1W*1234567897~
AMT*AU*1154.00~
AMT*D*288.50~
AMT*F5*577.00~
SVC*HC:99213*5770.00*4616.00*UN*1~
DTM*472*D8*20251214~
CAS*CO*45*288.50~
CAS*PR*1*288.50~
CAS*PR*2*577.00~LX*428~
CLP*CLAIM000428*1*5780.00*4624.00*0*11*1234567898*20251213*1~
CAS*PR*1*289.00~
CAS*PR*2*578.00~
CAS*CO*45*289.00~
NM1*QC*1*PATIENT*JOHN*M***MI*1234567898~
NM1*82*1*PROVIDER*JANE*M***XX*1234567890~
REF*D9*PATIENT000428~
REF*1W*1234567898~
AMT*AU*1156.00~
AMT*D*289.00~
AMT*F5*578.00~
SVC*HC:99213*5780.00*4624.00*UN*1~
DTM*472*D8*20251213~
CAS*CO*45*289.00~
CAS*PR*1*289.00~
CAS*PR*2*578.00~LX*429~
CLP*CLAIM000429*1*5790.00*4632.00*0*11*1234567899*20251212*1~
CAS*PR*1*289.50~
CAS*PR*2*579.00~
CAS*CO*45*289.50~
NM1*QC*1*PATIENT*JOHN*M***MI*1234567899~
NM1*82*1*PROVIDER*JANE*M***XX*1234567890~
REF*D9*PATIENT000429~
REF*1W*1234567899~
AMT*AU*1158.00~
AMT*D*289.50~
AMT*F5*579.00~
SVC*HC:99213*5790.00*4632.00*UN*1~
DTM*472*D8*20251212~
CAS*CO*45*289.50~
CAS*PR*1*289.50~
CAS*PR*2*579.00~LX*430~
CLP*CLAIM000430*1*5800.00*4640.00*0*11*1234567890*20251211*1~
CAS*PR*1*290.00~
CAS*PR*2*580.00~
CAS*CO*45*290.00~
NM1*QC*1*PATIENT*JOHN*M***MI*1234567890~
NM1*82*1*PROVIDER*JANE*M***XX*1234567890~
REF*D9*PATIENT000430~
REF*1W*1234567890~
AMT*AU*1160.00~
AMT*D*290.00~
AMT*F5*580.00~
SVC*HC:99213*5800.00*4640.00*UN*1~
DTM*472*D8*20251211~
CAS*CO*45*290.00~
CAS*PR*1*290.00~
CAS*PR*2*580.00~LX*431~
CLP*CLAIM000431*1*5810.00*4648.00*0*11*1234567891*20251210*1~
CAS*PR*1*290.50~
CAS*PR*2*581.00~
CAS*CO*45*290.50~
NM1*QC*1*PATIENT*JOHN*M***MI*1234567891~
NM1*82*1*PROVIDER*JANE*M***XX*1234567890~
REF*D9*PATIENT000431~
REF*1W*1234567891~
AMT*AU*1162.00~
AMT*D*290.50~
AMT*F5*581.00~
SVC*HC:99213*5810.00*4648.00*UN*1~
DTM*472*D8*20251210~
CAS*CO*45*290.50~
CAS*PR*1*290.50~
CAS*PR*2*581.00~LX*432~
CLP*CLAIM000432*1*5820.00*4656.00*0*11*1234567892*20251209*1~
CAS*PR*1*291.00~
CAS*PR*2*582.00~
CAS*CO*45*291.00~
NM1*QC*1*PATIENT*JOHN*M***MI*1234567892~
NM1*82*1*PROVIDER*JANE*M***XX*1234567890~
REF*D9*PATIENT000432~
REF*1W*1234567892~
AMT*AU*1164.00~
AMT*D*291.00~
AMT*F5*582.00~
SVC*HC:99213*5820.00*4656.00*UN*1~
DTM*472*D8*20251209~
CAS*CO*45*291.00~
CAS*PR*1*291.00~
CAS*PR*2*582.00~LX*433~
CLP*CLAIM000433*1*5830.00*4664.00*0*11*1234567893*20251208*1~
CAS*PR*1*291.50~
CAS*PR*2*583.00~
CAS*CO*45*291.50~
NM1*QC*1*PATIENT*JOHN*M***MI*1234567893~
NM1*82*1*PROVIDER*JANE*M***XX*1234567890~
REF*D9*PATIENT000433~
REF*1W*1234567893~
AMT*AU*1166.00~
AMT*D*291.50~
AMT*F5*583.00~
SVC*HC:99213*5830.00*4664.00*UN*1~
DTM*472*D8*20251208~
CAS*CO*45*291.50~
CAS*PR*1*291.50~
CAS*PR*2*583.00~LX*434~
CLP*CLAIM000434*1*5840.00*4672.00*0*11*1234567894*20251207*1~
CAS*PR*1*292.00~
CAS*PR*2*584.00~
CAS*CO*45*292.00~
NM1*QC*1*PATIENT*JOHN*M***MI*1234567894~
NM1*82*1*PROVIDER*JANE*M***XX*1234567890~
REF*D9*PATIENT000434~
REF*1W*1234567894~
AMT*AU*1168.00~
AMT*D*292.00~
AMT*F5*584.00~
SVC*HC:99213*5840.00*4672.00*UN*1~
DTM*472*D8*20251207~
CAS*CO*45*292.00~
CAS*PR*1*292.00~
CAS*PR*2*584.00~LX*435~
CLP*CLAIM000435*1*5850.00*4680.00*0*11*1234567895*20251206*1~
CAS*PR*1*292.50~
CAS*PR*2*585.00~
CAS*CO*45*292.50~
NM1*QC*1*PATIENT*JOHN*M***MI*1234567895~
NM1*82*1*PROVIDER*JANE*M***XX*1234567890~
REF*D9*PATIENT000435~
REF*1W*1234567895~
AMT*AU*1170.00~
AMT*D*292.50~
AMT*F5*585.00~
SVC*HC:99213*5850.00*4680.00*UN*1~
DTM*472*D8*20251206~
CAS*CO*45*292.50~
CAS*PR*1*292.50~
CAS*PR*2*585.00~LX*436~
CLP*CLAIM000436*1*5860.00*4688.00*0*11*1234567896*20251205*1~
CAS*PR*1*293.00~
CAS*PR*2*586.00~
CAS*CO*45*293.00~
NM1*QC*1*PATIENT*JOHN*M***MI*1234567896~
NM1*82*1*PROVIDER*JANE*M***XX*1234567890~
REF*D9*PATIENT000436~
REF*1W*1234567896~
AMT*AU*1172.00~
AMT*D*293.00~
AMT*F5*586.00~
SVC*HC:99213*5860.00*4688.00*UN*1~
DTM*472*D8*20251205~
CAS*CO*45*293.00~
CAS*PR*1*293.00~
CAS*PR*2*586.00~LX*437~
CLP*CLAIM000437*1*5870.00*4696.00*0*11*1234567897*20251204*1~
CAS*PR*1*293.50~
CAS*PR*2*587.00~
CAS*CO*45*293.50~
NM1*QC*1*PATIENT*JOHN*M***MI*1234567897~
NM1*82*1*PROVIDER*JANE*M***XX*1234567890~
REF*D9*PATIENT000437~
REF*1W*1234567897~
AMT*AU*1174.00~
AMT*D*293.50~
AMT*F5*587.00~
SVC*HC:99213*5870.00*4696.00*UN*1~
DTM*472*D8*20251204~
CAS*CO*45*293.50~
CAS*PR*1*293.50~
CAS*PR*2*587.00~LX*438~
CLP*CLAIM000438*1*5880.00*4704.00*0*11*1234567898*20251203*1~
CAS*PR*1*294.00~
CAS*PR*2*588.00~
CAS*CO*45*294.00~
NM1*QC*1*PATIENT*JOHN*M***MI*1234567898~
NM1*82*1*PROVIDER*JANE*M***XX*1234567890~
REF*D9*PATIENT000438~
REF*1W*1234567898~
AMT*AU*1176.00~
AMT*D*294.00~
AMT*F5*588.00~
SVC*HC:99213*5880.00*4704.00*UN*1~
DTM*472*D8*20251203~
CAS*CO*45*294.00~
CAS*PR*1*294.00~
CAS*PR*2*588.00~LX*439~
CLP*CLAIM000439*1*5890.00*4712.00*0*11*1234567899*20251202*1~
CAS*PR*1*294.50~
CAS*PR*2*589.00~
CAS*CO*45*294.50~
NM1*QC*1*PATIENT*JOHN*M***MI*1234567899~
NM1*82*1*PROVIDER*JANE*M***XX*1234567890~
REF*D9*PATIENT000439~
REF*1W*1234567899~
AMT*AU*1178.00~
AMT*D*294.50~
AMT*F5*589.00~
SVC*HC:99213*5890.00*4712.00*UN*1~
DTM*472*D8*20251202~
CAS*CO*45*294.50~
CAS*PR*1*294.50~
CAS*PR*2*589.00~LX*440~
CLP*CLAIM000440*1*5900.00*4720.00*0*11*1234567890*20251201*1~
CAS*PR*1*295.00~
CAS*PR*2*590.00~
CAS*CO*45*295.00~
NM1*QC*1*PATIENT*JOHN*M***MI*1234567890~
NM1*82*1*PROVIDER*JANE*M***XX*1234567890~
REF*D9*PATIENT000440~
REF*1W*1234567890~
AMT*AU*1180.00~
AMT*D*295.00~
AMT*F5*590.00~
SVC*HC:99213*5900.00*4720.00*UN*1~
DTM*472*D8*20251201~
CAS*CO*45*295.00~
CAS*PR*1*295.00~
CAS*PR*2*590.00~LX*441~
CLP*CLAIM000441*1*5910.00*4728.00*0*11*1234567891*20251130*1~
CAS*PR*1*295.50~
CAS*PR*2*591.00~
CAS*CO*45*295.50~
NM1*QC*1*PATIENT*JOHN*M***MI*1234567891~
NM1*82*1*PROVIDER*JANE*M***XX*1234567890~
REF*D9*PATIENT000441~
REF*1W*1234567891~
AMT*AU*1182.00~
AMT*D*295.50~
AMT*F5*591.00~
SVC*HC:99213*5910.00*4728.00*UN*1~
DTM*472*D8*20251130~
CAS*CO*45*295.50~
CAS*PR*1*295.50~
CAS*PR*2*591.00~LX*442~
CLP*CLAIM000442*1*5920.00*4736.00*0*11*1234567892*20251129*1~
CAS*PR*1*296.00~
CAS*PR*2*592.00~
CAS*CO*45*296.00~
NM1*QC*1*PATIENT*JOHN*M***MI*1234567892~
NM1*82*1*PROVIDER*JANE*M***XX*1234567890~
REF*D9*PATIENT000442~
REF*1W*1234567892~
AMT*AU*1184.00~
AMT*D*296.00~
AMT*F5*592.00~
SVC*HC:99213*5920.00*4736.00*UN*1~
DTM*472*D8*20251129~
CAS*CO*45*296.00~
CAS*PR*1*296.00~
CAS*PR*2*592.00~LX*443~
CLP*CLAIM000443*1*5930.00*4744.00*0*11*1234567893*20251128*1~
CAS*PR*1*296.50~
CAS*PR*2*593.00~
CAS*CO*45*296.50~
NM1*QC*1*PATIENT*JOHN*M***MI*1234567893~
NM1*82*1*PROVIDER*JANE*M***XX*1234567890~
REF*D9*PATIENT000443~
REF*1W*1234567893~
AMT*AU*1186.00~
AMT*D*296.50~
AMT*F5*593.00~
SVC*HC:99213*5930.00*4744.00*UN*1~
DTM*472*D8*20251128~
CAS*CO*45*296.50~
CAS*PR*1*296.50~
CAS*PR*2*593.00~LX*444~
CLP*CLAIM000444*1*5940.00*4752.00*0*11*1234567894*20251127*1~
CAS*PR*1*297.00~
CAS*PR*2*594.00~
CAS*CO*45*297.00~
NM1*QC*1*PATIENT*JOHN*M***MI*1234567894~
NM1*82*1*PROVIDER*JANE*M***XX*1234567890~
REF*D9*PATIENT000444~
REF*1W*1234567894~
AMT*AU*1188.00~
AMT*D*297.00~
AMT*F5*594.00~
SVC*HC:99213*5940.00*4752.00*UN*1~
DTM*472*D8*20251127~
CAS*CO*45*297.00~
CAS*PR*1*297.00~
CAS*PR*2*594.00~LX*445~
CLP*CLAIM000445*1*5950.00*4760.00*0*11*1234567895*20251126*1~
CAS*PR*1*297.50~
CAS*PR*2*595.00~
CAS*CO*45*297.50~
NM1*QC*1*PATIENT*JOHN*M***MI*1234567895~
NM1*82*1*PROVIDER*JANE*M***XX*1234567890~
REF*D9*PATIENT000445~
REF*1W*1234567895~
AMT*AU*1190.00~
AMT*D*297.50~
AMT*F5*595.00~
SVC*HC:99213*5950.00*4760.00*UN*1~
DTM*472*D8*20251126~
CAS*CO*45*297.50~
CAS*PR*1*297.50~
CAS*PR*2*595.00~LX*446~
CLP*CLAIM000446*1*5960.00*4768.00*0*11*1234567896*20251125*1~
CAS*PR*1*298.00~
CAS*PR*2*596.00~
CAS*CO*45*298.00~
NM1*QC*1*PATIENT*JOHN*M***MI*1234567896~
NM1*82*1*PROVIDER*JANE*M***XX*1234567890~
REF*D9*PATIENT000446~
REF*1W*1234567896~
AMT*AU*1192.00~
AMT*D*298.00~
AMT*F5*596.00~
SVC*HC:99213*5960.00*4768.00*UN*1~
DTM*472*D8*20251125~
CAS*CO*45*298.00~
CAS*PR*1*298.00~
CAS*PR*2*596.00~LX*447~
CLP*CLAIM000447*1*5970.00*4776.00*0*11*1234567897*20251124*1~
CAS*PR*1*298.50~
CAS*PR*2*597.00~
CAS*CO*45*298.50~
NM1*QC*1*PATIENT*JOHN*M***MI*1234567897~
NM1*82*1*PROVIDER*JANE*M***XX*1234567890~
REF*D9*PATIENT000447~
REF*1W*1234567897~
AMT*AU*1194.00~
AMT*D*298.50~
AMT*F5*597.00~
SVC*HC:99213*5970.00*4776.00*UN*1~
DTM*472*D8*20251124~
CAS*CO*45*298.50~
CAS*PR*1*298.50~
CAS*PR*2*597.00~LX*448~
CLP*CLAIM000448*1*5980.00*4784.00*0*11*1234567898*20251123*1~
CAS*PR*1*299.00~
CAS*PR*2*598.00~
CAS*CO*45*299.00~
NM1*QC*1*PATIENT*JOHN*M***MI*1234567898~
NM1*82*1*PROVIDER*JANE*M***XX*1234567890~
REF*D9*PATIENT000448~
REF*1W*1234567898~
AMT*AU*1196.00~
AMT*D*299.00~
AMT*F5*598.00~
SVC*HC:99213*5980.00*4784.00*UN*1~
DTM*472*D8*20251123~
CAS*CO*45*299.00~
CAS*PR*1*299.00~
CAS*PR*2*598.00~LX*449~
CLP*CLAIM000449*1*5990.00*4792.00*0*11*1234567899*20251122*1~
CAS*PR*1*299.50~
CAS*PR*2*599.00~
CAS*CO*45*299.50~
NM1*QC*1*PATIENT*JOHN*M***MI*1234567899~
NM1*82*1*PROVIDER*JANE*M***XX*1234567890~
REF*D9*PATIENT000449~
REF*1W*1234567899~
AMT*AU*1198.00~
AMT*D*299.50~
AMT*F5*599.00~
SVC*HC:99213*5990.00*4792.00*UN*1~
DTM*472*D8*20251122~
CAS*CO*45*299.50~
CAS*PR*1*299.50~
CAS*PR*2*599.00~LX*450~
CLP*CLAIM000450*1*6000.00*4800.00*0*11*1234567890*20251221*1~
CAS*PR*1*300.00~
CAS*PR*2*600.00~
CAS*CO*45*300.00~
NM1*QC*1*PATIENT*JOHN*M***MI*1234567890~
NM1*82*1*PROVIDER*JANE*M***XX*1234567890~
REF*D9*PATIENT000450~
REF*1W*1234567890~
AMT*AU*1200.00~
AMT*D*300.00~
AMT*F5*600.00~
SVC*HC:99213*6000.00*4800.00*UN*1~
DTM*472*D8*20251221~
CAS*CO*45*300.00~
CAS*PR*1*300.00~
CAS*PR*2*600.00~LX*451~
CLP*CLAIM000451*1*6010.00*4808.00*0*11*1234567891*20251220*1~
CAS*PR*1*300.50~
CAS*PR*2*601.00~
CAS*CO*45*300.50~
NM1*QC*1*PATIENT*JOHN*M***MI*1234567891~
NM1*82*1*PROVIDER*JANE*M***XX*1234567890~
REF*D9*PATIENT000451~
REF*1W*1234567891~
AMT*AU*1202.00~
AMT*D*300.50~
AMT*F5*601.00~
SVC*HC:99213*6010.00*4808.00*UN*1~
DTM*472*D8*20251220~
CAS*CO*45*300.50~
CAS*PR*1*300.50~
CAS*PR*2*601.00~LX*452~
CLP*CLAIM000452*1*6020.00*4816.00*0*11*1234567892*20251219*1~
CAS*PR*1*301.00~
CAS*PR*2*602.00~
CAS*CO*45*301.00~
NM1*QC*1*PATIENT*JOHN*M***MI*1234567892~
NM1*82*1*PROVIDER*JANE*M***XX*1234567890~
REF*D9*PATIENT000452~
REF*1W*1234567892~
AMT*AU*1204.00~
AMT*D*301.00~
AMT*F5*602.00~
SVC*HC:99213*6020.00*4816.00*UN*1~
DTM*472*D8*20251219~
CAS*CO*45*301.00~
CAS*PR*1*301.00~
CAS*PR*2*602.00~LX*453~
CLP*CLAIM000453*1*6030.00*4824.00*0*11*1234567893*20251218*1~
CAS*PR*1*301.50~
CAS*PR*2*603.00~
CAS*CO*45*301.50~
NM1*QC*1*PATIENT*JOHN*M***MI*1234567893~
NM1*82*1*PROVIDER*JANE*M***XX*1234567890~
REF*D9*PATIENT000453~
REF*1W*1234567893~
AMT*AU*1206.00~
AMT*D*301.50~
AMT*F5*603.00~
SVC*HC:99213*6030.00*4824.00*UN*1~
DTM*472*D8*20251218~
CAS*CO*45*301.50~
CAS*PR*1*301.50~
CAS*PR*2*603.00~LX*454~
CLP*CLAIM000454*1*6040.00*4832.00*0*11*1234567894*20251217*1~
CAS*PR*1*302.00~
CAS*PR*2*604.00~
CAS*CO*45*302.00~
NM1*QC*1*PATIENT*JOHN*M***MI*1234567894~
NM1*82*1*PROVIDER*JANE*M***XX*1234567890~
REF*D9*PATIENT000454~
REF*1W*1234567894~
AMT*AU*1208.00~
AMT*D*302.00~
AMT*F5*604.00~
SVC*HC:99213*6040.00*4832.00*UN*1~
DTM*472*D8*20251217~
CAS*CO*45*302.00~
CAS*PR*1*302.00~
CAS*PR*2*604.00~LX*455~
CLP*CLAIM000455*1*6050.00*4840.00*0*11*1234567895*20251216*1~
CAS*PR*1*302.50~
CAS*PR*2*605.00~
CAS*CO*45*302.50~
NM1*QC*1*PATIENT*JOHN*M***MI*1234567895~
NM1*82*1*PROVIDER*JANE*M***XX*1234567890~
REF*D9*PATIENT000455~
REF*1W*1234567895~
AMT*AU*1210.00~
AMT*D*302.50~
AMT*F5*605.00~
SVC*HC:99213*6050.00*4840.00*UN*1~
DTM*472*D8*20251216~
CAS*CO*45*302.50~
CAS*PR*1*302.50~
CAS*PR*2*605.00~LX*456~
CLP*CLAIM000456*1*6060.00*4848.00*0*11*1234567896*20251215*1~
CAS*PR*1*303.00~
CAS*PR*2*606.00~
CAS*CO*45*303.00~
NM1*QC*1*PATIENT*JOHN*M***MI*1234567896~
NM1*82*1*PROVIDER*JANE*M***XX*1234567890~
REF*D9*PATIENT000456~
REF*1W*1234567896~
AMT*AU*1212.00~
AMT*D*303.00~
AMT*F5*606.00~
SVC*HC:99213*6060.00*4848.00*UN*1~
DTM*472*D8*20251215~
CAS*CO*45*303.00~
CAS*PR*1*303.00~
CAS*PR*2*606.00~LX*457~
CLP*CLAIM000457*1*6070.00*4856.00*0*11*1234567897*20251214*1~
CAS*PR*1*303.50~
CAS*PR*2*607.00~
CAS*CO*45*303.50~
NM1*QC*1*PATIENT*JOHN*M***MI*1234567897~
NM1*82*1*PROVIDER*JANE*M***XX*1234567890~
REF*D9*PATIENT000457~
REF*1W*1234567897~
AMT*AU*1214.00~
AMT*D*303.50~
AMT*F5*607.00~
SVC*HC:99213*6070.00*4856.00*UN*1~
DTM*472*D8*20251214~
CAS*CO*45*303.50~
CAS*PR*1*303.50~
CAS*PR*2*607.00~LX*458~
CLP*CLAIM000458*1*6080.00*4864.00*0*11*1234567898*20251213*1~
CAS*PR*1*304.00~
CAS*PR*2*608.00~
CAS*CO*45*304.00~
NM1*QC*1*PATIENT*JOHN*M***MI*1234567898~
NM1*82*1*PROVIDER*JANE*M***XX*1234567890~
REF*D9*PATIENT000458~
REF*1W*1234567898~
AMT*AU*1216.00~
AMT*D*304.00~
AMT*F5*608.00~
SVC*HC:99213*6080.00*4864.00*UN*1~
DTM*472*D8*20251213~
CAS*CO*45*304.00~
CAS*PR*1*304.00~
CAS*PR*2*608.00~LX*459~
CLP*CLAIM000459*1*6090.00*4872.00*0*11*1234567899*20251212*1~
CAS*PR*1*304.50~
CAS*PR*2*609.00~
CAS*CO*45*304.50~
NM1*QC*1*PATIENT*JOHN*M***MI*1234567899~
NM1*82*1*PROVIDER*JANE*M***XX*1234567890~
REF*D9*PATIENT000459~
REF*1W*1234567899~
AMT*AU*1218.00~
AMT*D*304.50~
AMT*F5*609.00~
SVC*HC:99213*6090.00*4872.00*UN*1~
DTM*472*D8*20251212~
CAS*CO*45*304.50~
CAS*PR*1*304.50~
CAS*PR*2*609.00~LX*460~
CLP*CLAIM000460*1*6100.00*4880.00*0*11*1234567890*20251211*1~
CAS*PR*1*305.00~
CAS*PR*2*610.00~
CAS*CO*45*305.00~
NM1*QC*1*PATIENT*JOHN*M***MI*1234567890~
NM1*82*1*PROVIDER*JANE*M***XX*1234567890~
REF*D9*PATIENT000460~
REF*1W*1234567890~
AMT*AU*1220.00~
AMT*D*305.00~
AMT*F5*610.00~
SVC*HC:99213*6100.00*4880.00*UN*1~
DTM*472*D8*20251211~
CAS*CO*45*305.00~
CAS*PR*1*305.00~
CAS*PR*2*610.00~LX*461~
CLP*CLAIM000461*1*6110.00*4888.00*0*11*1234567891*20251210*1~
CAS*PR*1*305.50~
CAS*PR*2*611.00~
CAS*CO*45*305.50~
NM1*QC*1*PATIENT*JOHN*M***MI*1234567891~
NM1*82*1*PROVIDER*JANE*M***XX*1234567890~
REF*D9*PATIENT000461~
REF*1W*1234567891~
AMT*AU*1222.00~
AMT*D*305.50~
AMT*F5*611.00~
SVC*HC:99213*6110.00*4888.00*UN*1~
DTM*472*D8*20251210~
CAS*CO*45*305.50~
CAS*PR*1*305.50~
CAS*PR*2*611.00~LX*462~
CLP*CLAIM000462*1*6120.00*4896.00*0*11*1234567892*20251209*1~
CAS*PR*1*306.00~
CAS*PR*2*612.00~
CAS*CO*45*306.00~
NM1*QC*1*PATIENT*JOHN*M***MI*1234567892~
NM1*82*1*PROVIDER*JANE*M***XX*1234567890~
REF*D9*PATIENT000462~
REF*1W*1234567892~
AMT*AU*1224.00~
AMT*D*306.00~
AMT*F5*612.00~
SVC*HC:99213*6120.00*4896.00*UN*1~
DTM*472*D8*20251209~
CAS*CO*45*306.00~
CAS*PR*1*306.00~
CAS*PR*2*612.00~LX*463~
CLP*CLAIM000463*1*6130.00*4904.00*0*11*1234567893*20251208*1~
CAS*PR*1*306.50~
CAS*PR*2*613.00~
CAS*CO*45*306.50~
NM1*QC*1*PATIENT*JOHN*M***MI*1234567893~
NM1*82*1*PROVIDER*JANE*M***XX*1234567890~
REF*D9*PATIENT000463~
REF*1W*1234567893~
AMT*AU*1226.00~
AMT*D*306.50~
AMT*F5*613.00~
SVC*HC:99213*6130.00*4904.00*UN*1~
DTM*472*D8*20251208~
CAS*CO*45*306.50~
CAS*PR*1*306.50~
CAS*PR*2*613.00~LX*464~
CLP*CLAIM000464*1*6140.00*4912.00*0*11*1234567894*20251207*1~
CAS*PR*1*307.00~
CAS*PR*2*614.00~
CAS*CO*45*307.00~
NM1*QC*1*PATIENT*JOHN*M***MI*1234567894~
NM1*82*1*PROVIDER*JANE*M***XX*1234567890~
REF*D9*PATIENT000464~
REF*1W*1234567894~
AMT*AU*1228.00~
AMT*D*307.00~
AMT*F5*614.00~
SVC*HC:99213*6140.00*4912.00*UN*1~
DTM*472*D8*20251207~
CAS*CO*45*307.00~
CAS*PR*1*307.00~
CAS*PR*2*614.00~LX*465~
CLP*CLAIM000465*1*6150.00*4920.00*0*11*1234567895*20251206*1~
CAS*PR*1*307.50~
CAS*PR*2*615.00~
CAS*CO*45*307.50~
NM1*QC*1*PATIENT*JOHN*M***MI*1234567895~
NM1*82*1*PROVIDER*JANE*M***XX*1234567890~
REF*D9*PATIENT000465~
REF*1W*1234567895~
AMT*AU*1230.00~
AMT*D*307.50~
AMT*F5*615.00~
SVC*HC:99213*6150.00*4920.00*UN*1~
DTM*472*D8*20251206~
CAS*CO*45*307.50~
CAS*PR*1*307.50~
CAS*PR*2*615.00~LX*466~
CLP*CLAIM000466*1*6160.00*4928.00*0*11*1234567896*20251205*1~
CAS*PR*1*308.00~
CAS*PR*2*616.00~
CAS*CO*45*308.00~
NM1*QC*1*PATIENT*JOHN*M***MI*1234567896~
NM1*82*1*PROVIDER*JANE*M***XX*1234567890~
REF*D9*PATIENT000466~
REF*1W*1234567896~
AMT*AU*1232.00~
AMT*D*308.00~
AMT*F5*616.00~
SVC*HC:99213*6160.00*4928.00*UN*1~
DTM*472*D8*20251205~
CAS*CO*45*308.00~
CAS*PR*1*308.00~
CAS*PR*2*616.00~LX*467~
CLP*CLAIM000467*1*6170.00*4936.00*0*11*1234567897*20251204*1~
CAS*PR*1*308.50~
CAS*PR*2*617.00~
CAS*CO*45*308.50~
NM1*QC*1*PATIENT*JOHN*M***MI*1234567897~
NM1*82*1*PROVIDER*JANE*M***XX*1234567890~
REF*D9*PATIENT000467~
REF*1W*1234567897~
AMT*AU*1234.00~
AMT*D*308.50~
AMT*F5*617.00~
SVC*HC:99213*6170.00*4936.00*UN*1~
DTM*472*D8*20251204~
CAS*CO*45*308.50~
CAS*PR*1*308.50~
CAS*PR*2*617.00~LX*468~
CLP*CLAIM000468*1*6180.00*4944.00*0*11*1234567898*20251203*1~
CAS*PR*1*309.00~
CAS*PR*2*618.00~
CAS*CO*45*309.00~
NM1*QC*1*PATIENT*JOHN*M***MI*1234567898~
NM1*82*1*PROVIDER*JANE*M***XX*1234567890~
REF*D9*PATIENT000468~
REF*1W*1234567898~
AMT*AU*1236.00~
AMT*D*309.00~
AMT*F5*618.00~
SVC*HC:99213*6180.00*4944.00*UN*1~
DTM*472*D8*20251203~
CAS*CO*45*309.00~
CAS*PR*1*309.00~
CAS*PR*2*618.00~LX*469~
CLP*CLAIM000469*1*6190.00*4952.00*0*11*1234567899*20251202*1~
CAS*PR*1*309.50~
CAS*PR*2*619.00~
CAS*CO*45*309.50~
NM1*QC*1*PATIENT*JOHN*M***MI*1234567899~
NM1*82*1*PROVIDER*JANE*M***XX*1234567890~
REF*D9*PATIENT000469~
REF*1W*1234567899~
AMT*AU*1238.00~
AMT*D*309.50~
AMT*F5*619.00~
SVC*HC:99213*6190.00*4952.00*UN*1~
DTM*472*D8*20251202~
CAS*CO*45*309.50~
CAS*PR*1*309.50~
CAS*PR*2*619.00~LX*470~
CLP*CLAIM000470*1*6200.00*4960.00*0*11*1234567890*20251201*1~
CAS*PR*1*310.00~
CAS*PR*2*620.00~
CAS*CO*45*310.00~
NM1*QC*1*PATIENT*JOHN*M***MI*1234567890~
NM1*82*1*PROVIDER*JANE*M***XX*1234567890~
REF*D9*PATIENT000470~
REF*1W*1234567890~
AMT*AU*1240.00~
AMT*D*310.00~
AMT*F5*620.00~
SVC*HC:99213*6200.00*4960.00*UN*1~
DTM*472*D8*20251201~
CAS*CO*45*310.00~
CAS*PR*1*310.00~
CAS*PR*2*620.00~LX*471~
CLP*CLAIM000471*1*6210.00*4968.00*0*11*1234567891*20251130*1~
CAS*PR*1*310.50~
CAS*PR*2*621.00~
CAS*CO*45*310.50~
NM1*QC*1*PATIENT*JOHN*M***MI*1234567891~
NM1*82*1*PROVIDER*JANE*M***XX*1234567890~
REF*D9*PATIENT000471~
REF*1W*1234567891~
AMT*AU*1242.00~
AMT*D*310.50~
AMT*F5*621.00~
SVC*HC:99213*6210.00*4968.00*UN*1~
DTM*472*D8*20251130~
CAS*CO*45*310.50~
CAS*PR*1*310.50~
CAS*PR*2*621.00~LX*472~
CLP*CLAIM000472*1*6220.00*4976.00*0*11*1234567892*20251129*1~
CAS*PR*1*311.00~
CAS*PR*2*622.00~
CAS*CO*45*311.00~
NM1*QC*1*PATIENT*JOHN*M***MI*1234567892~
NM1*82*1*PROVIDER*JANE*M***XX*1234567890~
REF*D9*PATIENT000472~
REF*1W*1234567892~
AMT*AU*1244.00~
AMT*D*311.00~
AMT*F5*622.00~
SVC*HC:99213*6220.00*4976.00*UN*1~
DTM*472*D8*20251129~
CAS*CO*45*311.00~
CAS*PR*1*311.00~
CAS*PR*2*622.00~LX*473~
CLP*CLAIM000473*1*6230.00*4984.00*0*11*1234567893*20251128*1~
CAS*PR*1*311.50~
CAS*PR*2*623.00~
CAS*CO*45*311.50~
NM1*QC*1*PATIENT*JOHN*M***MI*1234567893~
NM1*82*1*PROVIDER*JANE*M***XX*1234567890~
REF*D9*PATIENT000473~
REF*1W*1234567893~
AMT*AU*1246.00~
AMT*D*311.50~
AMT*F5*623.00~
SVC*HC:99213*6230.00*4984.00*UN*1~
DTM*472*D8*20251128~
CAS*CO*45*311.50~
CAS*PR*1*311.50~
CAS*PR*2*623.00~LX*474~
CLP*CLAIM000474*1*6240.00*4992.00*0*11*1234567894*20251127*1~
CAS*PR*1*312.00~
CAS*PR*2*624.00~
CAS*CO*45*312.00~
NM1*QC*1*PATIENT*JOHN*M***MI*1234567894~
NM1*82*1*PROVIDER*JANE*M***XX*1234567890~
REF*D9*PATIENT000474~
REF*1W*1234567894~
AMT*AU*1248.00~
AMT*D*312.00~
AMT*F5*624.00~
SVC*HC:99213*6240.00*4992.00*UN*1~
DTM*472*D8*20251127~
CAS*CO*45*312.00~
CAS*PR*1*312.00~
CAS*PR*2*624.00~LX*475~
CLP*CLAIM000475*1*6250.00*5000.00*0*11*1234567895*20251126*1~
CAS*PR*1*312.50~
CAS*PR*2*625.00~
CAS*CO*45*312.50~
NM1*QC*1*PATIENT*JOHN*M***MI*1234567895~
NM1*82*1*PROVIDER*JANE*M***XX*1234567890~
REF*D9*PATIENT000475~
REF*1W*1234567895~
AMT*AU*1250.00~
AMT*D*312.50~
AMT*F5*625.00~
SVC*HC:99213*6250.00*5000.00*UN*1~
DTM*472*D8*20251126~
CAS*CO*45*312.50~
CAS*PR*1*312.50~
CAS*PR*2*625.00~LX*476~
CLP*CLAIM000476*1*6260.00*5008.00*0*11*1234567896*20251125*1~
CAS*PR*1*313.00~
CAS*PR*2*626.00~
CAS*CO*45*313.00~
NM1*QC*1*PATIENT*JOHN*M***MI*1234567896~
NM1*82*1*PROVIDER*JANE*M***XX*1234567890~
REF*D9*PATIENT000476~
REF*1W*1234567896~
AMT*AU*1252.00~
AMT*D*313.00~
AMT*F5*626.00~
SVC*HC:99213*6260.00*5008.00*UN*1~
DTM*472*D8*20251125~
CAS*CO*45*313.00~
CAS*PR*1*313.00~
CAS*PR*2*626.00~LX*477~
CLP*CLAIM000477*1*6270.00*5016.00*0*11*1234567897*20251124*1~
CAS*PR*1*313.50~
CAS*PR*2*627.00~
CAS*CO*45*313.50~
NM1*QC*1*PATIENT*JOHN*M***MI*1234567897~
NM1*82*1*PROVIDER*JANE*M***XX*1234567890~
REF*D9*PATIENT000477~
REF*1W*1234567897~
AMT*AU*1254.00~
AMT*D*313.50~
AMT*F5*627.00~
SVC*HC:99213*6270.00*5016.00*UN*1~
DTM*472*D8*20251124~
CAS*CO*45*313.50~
CAS*PR*1*313.50~
CAS*PR*2*627.00~LX*478~
CLP*CLAIM000478*1*6280.00*5024.00*0*11*1234567898*20251123*1~
CAS*PR*1*314.00~
CAS*PR*2*628.00~
CAS*CO*45*314.00~
NM1*QC*1*PATIENT*JOHN*M***MI*1234567898~
NM1*82*1*PROVIDER*JANE*M***XX*1234567890~
REF*D9*PATIENT000478~
REF*1W*1234567898~
AMT*AU*1256.00~
AMT*D*314.00~
AMT*F5*628.00~
SVC*HC:99213*6280.00*5024.00*UN*1~
DTM*472*D8*20251123~
CAS*CO*45*314.00~
CAS*PR*1*314.00~
CAS*PR*2*628.00~LX*479~
CLP*CLAIM000479*1*6290.00*5032.00*0*11*1234567899*20251122*1~
CAS*PR*1*314.50~
CAS*PR*2*629.00~
CAS*CO*45*314.50~
NM1*QC*1*PATIENT*JOHN*M***MI*1234567899~
NM1*82*1*PROVIDER*JANE*M***XX*1234567890~
REF*D9*PATIENT000479~
REF*1W*1234567899~
AMT*AU*1258.00~
AMT*D*314.50~
AMT*F5*629.00~
SVC*HC:99213*6290.00*5032.00*UN*1~
DTM*472*D8*20251122~
CAS*CO*45*314.50~
CAS*PR*1*314.50~
CAS*PR*2*629.00~LX*480~
CLP*CLAIM000480*1*6300.00*5040.00*0*11*1234567890*20251221*1~
CAS*PR*1*315.00~
CAS*PR*2*630.00~
CAS*CO*45*315.00~
NM1*QC*1*PATIENT*JOHN*M***MI*1234567890~
NM1*82*1*PROVIDER*JANE*M***XX*1234567890~
REF*D9*PATIENT000480~
REF*1W*1234567890~
AMT*AU*1260.00~
AMT*D*315.00~
AMT*F5*630.00~
SVC*HC:99213*6300.00*5040.00*UN*1~
DTM*472*D8*20251221~
CAS*CO*45*315.00~
CAS*PR*1*315.00~
CAS*PR*2*630.00~LX*481~
CLP*CLAIM000481*1*6310.00*5048.00*0*11*1234567891*20251220*1~
CAS*PR*1*315.50~
CAS*PR*2*631.00~
CAS*CO*45*315.50~
NM1*QC*1*PATIENT*JOHN*M***MI*1234567891~
NM1*82*1*PROVIDER*JANE*M***XX*1234567890~
REF*D9*PATIENT000481~
REF*1W*1234567891~
AMT*AU*1262.00~
AMT*D*315.50~
AMT*F5*631.00~
SVC*HC:99213*6310.00*5048.00*UN*1~
DTM*472*D8*20251220~
CAS*CO*45*315.50~
CAS*PR*1*315.50~
CAS*PR*2*631.00~LX*482~
CLP*CLAIM000482*1*6320.00*5056.00*0*11*1234567892*20251219*1~
CAS*PR*1*316.00~
CAS*PR*2*632.00~
CAS*CO*45*316.00~
NM1*QC*1*PATIENT*JOHN*M***MI*1234567892~
NM1*82*1*PROVIDER*JANE*M***XX*1234567890~
REF*D9*PATIENT000482~
REF*1W*1234567892~
AMT*AU*1264.00~
AMT*D*316.00~
AMT*F5*632.00~
SVC*HC:99213*6320.00*5056.00*UN*1~
DTM*472*D8*20251219~
CAS*CO*45*316.00~
CAS*PR*1*316.00~
CAS*PR*2*632.00~LX*483~
CLP*CLAIM000483*1*6330.00*5064.00*0*11*1234567893*20251218*1~
CAS*PR*1*316.50~
CAS*PR*2*633.00~
CAS*CO*45*316.50~
NM1*QC*1*PATIENT*JOHN*M***MI*1234567893~
NM1*82*1*PROVIDER*JANE*M***XX*1234567890~
REF*D9*PATIENT000483~
REF*1W*1234567893~
AMT*AU*1266.00~
AMT*D*316.50~
AMT*F5*633.00~
SVC*HC:99213*6330.00*5064.00*UN*1~
DTM*472*D8*20251218~
CAS*CO*45*316.50~
CAS*PR*1*316.50~
CAS*PR*2*633.00~LX*484~
CLP*CLAIM000484*1*6340.00*5072.00*0*11*1234567894*20251217*1~
CAS*PR*1*317.00~
CAS*PR*2*634.00~
CAS*CO*45*317.00~
NM1*QC*1*PATIENT*JOHN*M***MI*1234567894~
NM1*82*1*PROVIDER*JANE*M***XX*1234567890~
REF*D9*PATIENT000484~
REF*1W*1234567894~
AMT*AU*1268.00~
AMT*D*317.00~
AMT*F5*634.00~
SVC*HC:99213*6340.00*5072.00*UN*1~
DTM*472*D8*20251217~
CAS*CO*45*317.00~
CAS*PR*1*317.00~
CAS*PR*2*634.00~LX*485~
CLP*CLAIM000485*1*6350.00*5080.00*0*11*1234567895*20251216*1~
CAS*PR*1*317.50~
CAS*PR*2*635.00~
CAS*CO*45*317.50~
NM1*QC*1*PATIENT*JOHN*M***MI*1234567895~
NM1*82*1*PROVIDER*JANE*M***XX*1234567890~
REF*D9*PATIENT000485~
REF*1W*1234567895~
AMT*AU*1270.00~
AMT*D*317.50~
AMT*F5*635.00~
SVC*HC:99213*6350.00*5080.00*UN*1~
DTM*472*D8*20251216~
CAS*CO*45*317.50~
CAS*PR*1*317.50~
CAS*PR*2*635.00~LX*486~
CLP*CLAIM000486*1*6360.00*5088.00*0*11*1234567896*20251215*1~
CAS*PR*1*318.00~
CAS*PR*2*636.00~
CAS*CO*45*318.00~
NM1*QC*1*PATIENT*JOHN*M***MI*1234567896~
NM1*82*1*PROVIDER*JANE*M***XX*1234567890~
REF*D9*PATIENT000486~
REF*1W*1234567896~
AMT*AU*1272.00~
AMT*D*318.00~
AMT*F5*636.00~
SVC*HC:99213*6360.00*5088.00*UN*1~
DTM*472*D8*20251215~
CAS*CO*45*318.00~
CAS*PR*1*318.00~
CAS*PR*2*636.00~LX*487~
CLP*CLAIM000487*1*6370.00*5096.00*0*11*1234567897*20251214*1~
CAS*PR*1*318.50~
CAS*PR*2*637.00~
CAS*CO*45*318.50~
NM1*QC*1*PATIENT*JOHN*M***MI*1234567897~
NM1*82*1*PROVIDER*JANE*M***XX*1234567890~
REF*D9*PATIENT000487~
REF*1W*1234567897~
AMT*AU*1274.00~
AMT*D*318.50~
AMT*F5*637.00~
SVC*HC:99213*6370.00*5096.00*UN*1~
DTM*472*D8*20251214~
CAS*CO*45*318.50~
CAS*PR*1*318.50~
CAS*PR*2*637.00~LX*488~
CLP*CLAIM000488*1*6380.00*5104.00*0*11*1234567898*20251213*1~
CAS*PR*1*319.00~
CAS*PR*2*638.00~
CAS*CO*45*319.00~
NM1*QC*1*PATIENT*JOHN*M***MI*1234567898~
NM1*82*1*PROVIDER*JANE*M***XX*1234567890~
REF*D9*PATIENT000488~
REF*1W*1234567898~
AMT*AU*1276.00~
AMT*D*319.00~
AMT*F5*638.00~
SVC*HC:99213*6380.00*5104.00*UN*1~
DTM*472*D8*20251213~
CAS*CO*45*319.00~
CAS*PR*1*319.00~
CAS*PR*2*638.00~LX*489~
CLP*CLAIM000489*1*6390.00*5112.00*0*11*1234567899*20251212*1~
CAS*PR*1*319.50~
CAS*PR*2*639.00~
CAS*CO*45*319.50~
NM1*QC*1*PATIENT*JOHN*M***MI*1234567899~
NM1*82*1*PROVIDER*JANE*M***XX*1234567890~
REF*D9*PATIENT000489~
REF*1W*1234567899~
AMT*AU*1278.00~
AMT*D*319.50~
AMT*F5*639.00~
SVC*HC:99213*6390.00*5112.00*UN*1~
DTM*472*D8*20251212~
CAS*CO*45*319.50~
CAS*PR*1*319.50~
CAS*PR*2*639.00~LX*490~
CLP*CLAIM000490*1*6400.00*5120.00*0*11*1234567890*20251211*1~
CAS*PR*1*320.00~
CAS*PR*2*640.00~
CAS*CO*45*320.00~
NM1*QC*1*PATIENT*JOHN*M***MI*1234567890~
NM1*82*1*PROVIDER*JANE*M***XX*1234567890~
REF*D9*PATIENT000490~
REF*1W*1234567890~
AMT*AU*1280.00~
AMT*D*320.00~
AMT*F5*640.00~
SVC*HC:99213*6400.00*5120.00*UN*1~
DTM*472*D8*20251211~
CAS*CO*45*320.00~
CAS*PR*1*320.00~
CAS*PR*2*640.00~LX*491~
CLP*CLAIM000491*1*6410.00*5128.00*0*11*1234567891*20251210*1~
CAS*PR*1*320.50~
CAS*PR*2*641.00~
CAS*CO*45*320.50~
NM1*QC*1*PATIENT*JOHN*M***MI*1234567891~
NM1*82*1*PROVIDER*JANE*M***XX*1234567890~
REF*D9*PATIENT000491~
REF*1W*1234567891~
AMT*AU*1282.00~
AMT*D*320.50~
AMT*F5*641.00~
SVC*HC:99213*6410.00*5128.00*UN*1~
DTM*472*D8*20251210~
CAS*CO*45*320.50~
CAS*PR*1*320.50~
CAS*PR*2*641.00~LX*492~
CLP*CLAIM000492*1*6420.00*5136.00*0*11*1234567892*20251209*1~
CAS*PR*1*321.00~
CAS*PR*2*642.00~
CAS*CO*45*321.00~
NM1*QC*1*PATIENT*JOHN*M***MI*1234567892~
NM1*82*1*PROVIDER*JANE*M***XX*1234567890~
REF*D9*PATIENT000492~
REF*1W*1234567892~
AMT*AU*1284.00~
AMT*D*321.00~
AMT*F5*642.00~
SVC*HC:99213*6420.00*5136.00*UN*1~
DTM*472*D8*20251209~
CAS*CO*45*321.00~
CAS*PR*1*321.00~
CAS*PR*2*642.00~LX*493~
CLP*CLAIM000493*1*6430.00*5144.00*0*11*1234567893*20251208*1~
CAS*PR*1*321.50~
CAS*PR*2*643.00~
CAS*CO*45*321.50~
NM1*QC*1*PATIENT*JOHN*M***MI*1234567893~
NM1*82*1*PROVIDER*JANE*M***XX*1234567890~
REF*D9*PATIENT000493~
REF*1W*1234567893~
AMT*AU*1286.00~
AMT*D*321.50~
AMT*F5*643.00~
SVC*HC:99213*6430.00*5144.00*UN*1~
DTM*472*D8*20251208~
CAS*CO*45*321.50~
CAS*PR*1*321.50~
CAS*PR*2*643.00~LX*494~
CLP*CLAIM000494*1*6440.00*5152.00*0*11*1234567894*20251207*1~
CAS*PR*1*322.00~
CAS*PR*2*644.00~
CAS*CO*45*322.00~
NM1*QC*1*PATIENT*JOHN*M***MI*1234567894~
NM1*82*1*PROVIDER*JANE*M***XX*1234567890~
REF*D9*PATIENT000494~
REF*1W*1234567894~
AMT*AU*1288.00~
AMT*D*322.00~
AMT*F5*644.00~
SVC*HC:99213*6440.00*5152.00*UN*1~
DTM*472*D8*20251207~
CAS*CO*45*322.00~
CAS*PR*1*322.00~
CAS*PR*2*644.00~LX*495~
CLP*CLAIM000495*1*6450.00*5160.00*0*11*1234567895*20251206*1~
CAS*PR*1*322.50~
CAS*PR*2*645.00~
CAS*CO*45*322.50~
NM1*QC*1*PATIENT*JOHN*M***MI*1234567895~
NM1*82*1*PROVIDER*JANE*M***XX*1234567890~
REF*D9*PATIENT000495~
REF*1W*1234567895~
AMT*AU*1290.00~
AMT*D*322.50~
AMT*F5*645.00~
SVC*HC:99213*6450.00*5160.00*UN*1~
DTM*472*D8*20251206~
CAS*CO*45*322.50~
CAS*PR*1*322.50~
CAS*PR*2*645.00~LX*496~
CLP*CLAIM000496*1*6460.00*5168.00*0*11*1234567896*20251205*1~
CAS*PR*1*323.00~
CAS*PR*2*646.00~
CAS*CO*45*323.00~
NM1*QC*1*PATIENT*JOHN*M***MI*1234567896~
NM1*82*1*PROVIDER*JANE*M***XX*1234567890~
REF*D9*PATIENT000496~
REF*1W*1234567896~
AMT*AU*1292.00~
AMT*D*323.00~
AMT*F5*646.00~
SVC*HC:99213*6460.00*5168.00*UN*1~
DTM*472*D8*20251205~
CAS*CO*45*323.00~
CAS*PR*1*323.00~
CAS*PR*2*646.00~LX*497~
CLP*CLAIM000497*1*6470.00*5176.00*0*11*1234567897*20251204*1~
CAS*PR*1*323.50~
CAS*PR*2*647.00~
CAS*CO*45*323.50~
NM1*QC*1*PATIENT*JOHN*M***MI*1234567897~
NM1*82*1*PROVIDER*JANE*M***XX*1234567890~
REF*D9*PATIENT000497~
REF*1W*1234567897~
AMT*AU*1294.00~
AMT*D*323.50~
AMT*F5*647.00~
SVC*HC:99213*6470.00*5176.00*UN*1~
DTM*472*D8*20251204~
CAS*CO*45*323.50~
CAS*PR*1*323.50~
CAS*PR*2*647.00~LX*498~
CLP*CLAIM000498*1*6480.00*5184.00*0*11*1234567898*20251203*1~
CAS*PR*1*324.00~
CAS*PR*2*648.00~
CAS*CO*45*324.00~
NM1*QC*1*PATIENT*JOHN*M***MI*1234567898~
NM1*82*1*PROVIDER*JANE*M***XX*1234567890~
REF*D9*PATIENT000498~
REF*1W*1234567898~
AMT*AU*1296.00~
AMT*D*324.00~
AMT*F5*648.00~
SVC*HC:99213*6480.00*5184.00*UN*1~
DTM*472*D8*20251203~
CAS*CO*45*324.00~
CAS*PR*1*324.00~
CAS*PR*2*648.00~LX*499~
CLP*CLAIM000499*1*6490.00*5192.00*0*11*1234567899*20251202*1~
CAS*PR*1*324.50~
CAS*PR*2*649.00~
CAS*CO*45*324.50~
NM1*QC*1*PATIENT*JOHN*M***MI*1234567899~
NM1*82*1*PROVIDER*JANE*M***XX*1234567890~
REF*D9*PATIENT000499~
REF*1W*1234567899~
AMT*AU*1298.00~
AMT*D*324.50~
AMT*F5*649.00~
SVC*HC:99213*6490.00*5192.00*UN*1~
DTM*472*D8*20251202~
CAS*CO*45*324.50~
CAS*PR*1*324.50~
CAS*PR*2*649.00~LX*500~
CLP*CLAIM000500*1*6500.00*5200.00*0*11*1234567890*20251201*1~
CAS*PR*1*325.00~
CAS*PR*2*650.00~
CAS*CO*45*325.00~
NM1*QC*1*PATIENT*JOHN*M***MI*1234567890~
NM1*82*1*PROVIDER*JANE*M***XX*1234567890~
REF*D9*PATIENT000500~
REF*1W*1234567890~
AMT*AU*1300.00~
AMT*D*325.00~
AMT*F5*650.00~
SVC*HC:99213*6500.00*5200.00*UN*1~
DTM*472*D8*20251201~
CAS*CO*45*325.00~
CAS*PR*1*325.00~
CAS*PR*2*650.00~SE*7515*0001~
GE*1*1~
IEA*1*000000001~